3420 5490
760 1089 956 1152 cccxxxdt

685 1365 725 1428 ii
744 1365 921 1430 decembre
943 1365 1022 1430 1276

293 1608 330 1663 Le
345 1608 483 1680 etrapitre,
498 1609 514 1663 d
528 1609 554 1664 le
566 1607 660 1681 priene
673 1609 710 1665 du
727 1610 903 1682 sons-doyeu
918 1611 1017 1668 Pisrro
1031 1612 1066 1668 do
1080 1613 1216 1683 Lamottr,
1230 1612 1308 1683 erigo
1323 1613 1350 1670 is
1362 1613 1417 1670 tete

326 1704 360 1759 dc
374 1704 463 1759 sainte
477 1705 633 1762 Generiers
647 1722 682 1762 en
699 1707 752 1762 tete
766 1706 869 1762 double
882 1713 910 1762 et
924 1708 1000 1778 regts
1013 1709 1054 1764 les
1065 1707 1257 1767 distributione
1271 1708 1287 1766 i
1300 1708 1380 1765 inire.

499 1853 636 1925 (Originsi
656 1870 679 1910 s.
695 1853 789 1925 purch.
808 1854 893 1910 Arch.
908 1853 946 1909 do
962 1852 1066 1925 loiret,
1082 1853 1116 1908 G.
1133 1852 1208 1924 tto).

336 2064 498 2136 Universis
512 2077 678 2154 presentes
692 2065 814 2138 litteras
827 2065 1034 2158 inspecturis,
1056 2066 1244 2137 Guitteimos
1276 2068 1419 2139 deosum

292 2192 459 2271 totumque
479 2180 705 2252 Aurelianense
720 2182 908 2275 capitutum,
922 2183 1058 2253 satutem
1092 2179 1123 2251 in
1152 2178 1296 2253 omnium
1311 2182 1419 2252 Satra-

293 2313 371 2368 torc.
385 2294 541 2367 Noveritis
557 2299 642 2389 qrrod
658 2321 730 2382 rios,
742 2299 947 2369 attendentes
955 2298 1166 2370 derociouem
1182 2319 1419 2390 quamvenera·

291 2412 364 2483 tritis
389 2413 434 2482 vir
461 2412 613 2505 magister
631 2418 743 2485 Petrus
763 2416 803 2485 dc
820 2416 1131 2499 diota,sui›dccanns
1143 2414 1281 2488 ecciesic
1292 2429 1420 2504 nostre,

292 2531 386 2599 trutiet
415 2542 447 2600 et
474 2553 490 2598 a
519 2528 684 2600 retroactis
711 2532 912 2621 tennioribus
941 2528 1143 2623 dignoscitur
1169 2528 1321 2603 habuisse
1345 2554 1419 2624 erga

290 2645 415 2713 beatam
444 2641 598 2733 virginem
627 2649 833 2726 Genoveiam,
862 2643 965 2736 ipsius
996 2644 1123 2716 devotis
1151 2644 1421 2736 suplicationibus

290 2753 445 2836 inclinati,
475 2754 646 2825 statuimus
675 2757 706 2824 in
741 2755 881 2847 capituto
905 2756 1047 2846 generati
1080 2754 1111 2825 in
1145 2755 1249 2846 vigilis
1265 2756 1419 2828 Omnium

289 2873 478 2939 Sanctorum
499 2892 584 2939 auno
604 2870 731 2938 bomini
755 2870 926 2941 mitissimo
948 2875 997 2940 CC
1012 2872 1254 2961 septuagesimo
1273 2884 1364 2942 serto
1385 2884 1420 2941 ut
1488 2936 1494 2947 .

289 2981 450 3060 deretero,
478 2980 508 3049 in
536 2984 633 3050 natati
659 2981 743 3053 dicte
769 2981 914 3072 uirginis,
944 2984 1029 3073 qrrod
1060 2996 1111 3053 est
1131 2981 1232 3053 tercio
1252 3005 1354 3054 nonas
1371 2986 1421 3075 ja·

289 3092 403 3174 rurarii,
428 3098 543 3165 testum
565 3097 679 3186 ‹irrpier
707 3097 867 3167 innostra
891 3095 1029 3167 ecciesia
1056 3097 1151 3166 artois
1171 3095 1307 3188 singuiis
1327 3099 1420 3169 cele·

290 3211 408 3279 tuetur.
432 3212 640 3281 Postmodum
661 3234 735 3284 vero
762 3210 867 3282 dictus
884 3213 1103 3294 subdecanus,
1125 3214 1157 3282 iu
1177 3209 1281 3303 vigilia
1300 3209 1418 3283 Nativi-

291 3324 363 3394 tatis
389 3324 569 3407 dominice,
585 3350 670 3396 aurio
691 3325 845 3417 predicto,
867 3328 1038 3398 attendens
1064 3329 1149 3417 quod
1169 3328 1224 3418 qui
1245 3329 1285 3399 ad
1309 3329 1414 3398 honus

289 3437 415 3529 eiigitur
441 3438 549 3530 repetii
574 3465 637 3510 non
665 3443 779 3512 ‹tcireat
804 3465 820 3511 a
846 3443 1010 3525 mercede,
1031 3439 1262 3534 qninquaginta
1290 3441 1413 3513 sotidos

291 3553 512 3644 parisiensium
532 3579 629 3645 snper
648 3557 745 3626 domo
772 3580 828 3627 sua
849 3556 943 3628 anuis
967 3555 1103 3646 singuiis
1123 3557 1300 3647 capiendos
1322 3555 1416 3629 nobis

288 3670 476 3757 assignavit,
498 3669 528 3739 in
551 3672 682 3741 modum
702 3672 756 3762 qui
776 3672 922 3762 sequitur
942 3695 1000 3763 per
1023 3693 1152 3742 manum
1175 3669 1312 3742 bursarii
1335 3669 1417 3742 diri-

289 3784 432 3853 dendos:
459 3783 607 3854 videlicet
634 3783 665 3852 in
698 3787 823 3855 «iustius
852 3783 996 3877 vesperis
1017 3798 1050 3856 et
1077 3783 1187 3866 missa,
1211 3785 1244 3853 iu
1272 3783 1416 3875 qualibet

288 3920 397 3968 earnm
419 3901 530 3968 decem
553 3898 675 3968 solides
695 3898 936 3988 parisiensium,
954 3913 986 3971 et
1006 3897 1036 3969 in
1053 3897 1219 3969 matutinis
1230 3896 1416 3988 quindecim

289 4010 423 4095 sotidcs,
453 4013 516 4081 ittis
546 4015 768 4083 tantummodo
792 4011 958 4084 canonicis
989 4011 1042 4104 qui
1067 4025 1235 4102 presentes
1261 4025 1357 4083 eruut
1384 4025 1417 4083 et

289 4125 486 4215 integraliter
506 4125 662 4215 vesperis,
681 4125 847 4197 matutinis
861 4140 894 4197 et
910 4125 1009 4198 misse
1022 4125 1098 4196 dicti
1111 4124 1198 4197 testi.
1216 4123 1415 4197 dietricutarii

289 4263 364 4309 vcro
388 4240 440 4330 qrri
469 4253 634 4329 presentes
650 4241 766 4310 tuerint
786 4240 872 4312 dicto
897 4240 1033 4312 servicio
1054 4239 1182 4332 capient
1205 4238 1340 4330 quittbcr
1359 4262 1417 4332 pro

290 4367 354 4423 rata
382 4354 499 4443 ipsium
527 4353 747 4445 contingente.
774 4358 945 4426 presentes
973 4367 1080 4425 antem
1109 4351 1331 4445 iutetiignntur
1360 4351 1414 4445 qui

289 4478 364 4535 suut
385 4463 415 4534 in
436 4469 616 4557 septimana
639 4465 805 4538 matricuic
826 4479 859 4538 et
874 4468 997 4550 aitaris,
1018 4465 1160 4558 quandiu
1178 4480 1250 4539 actu
1272 4465 1417 4539 serviunt

289 4580 441 4672 predictis
462 4584 628 4653 matricutc
648 4597 680 4653 et
693 4582 796 4666 altari,
818 4583 858 4654 ita
872 4586 972 4675 qnod,
986 4583 1076 4654 sinito
1095 4582 1214 4666 otticic,
1232 4585 1264 4653 in
1280 4584 1415 4655 chorum

288 4720 361 4765 cnm
382 4697 453 4766 aiiis
474 4710 684 4769 revertentur.
708 4701 784 4769 item
805 4698 972 4771 canonicis
994 4697 1047 4791 qui
1073 4697 1105 4769 in
1125 4700 1251 4770 duabus
1273 4698 1419 4791 resp-ris
