3420 5490
765 669 945 732 ,135-

292 809 392 867 testes
408 799 511 887 tingo,
539 796 738 869 Sunonensis
757 796 1005 868 archidiaconus
1028 801 1144 890 major,
1174 796 1333 871 Mattritdis
1365 822 1418 872 eo

292 907 413 979 mitissa
447 908 638 994 tornodori,
667 912 737 982 Odo
769 912 810 983 tte
843 911 1020 995 Erotium,
1045 913 1208 985 totuauues
1237 910 1419 987 vicecomes

291 1020 466 1105 Comniari,
487 1022 664 1094 tossetiuus
684 1026 724 1094 ds
760 1028 875 1095 Sancta
908 1027 1024 1108 Maure,
1060 1023 1240 1096 Guatterius
1273 1024 1418 1110 Besardi,

292 1139 403 1207 Petrus
431 1138 459 1207 te
492 1140 613 1208 Cortiu.
631 1139 724 1224 Quod
745 1151 780 1207 ut
804 1151 909 1209 ratum
940 1151 973 1210 et
1004 1140 1234 1210 iueoneussum
1265 1141 1420 1211 habeatur

292 1262 473 1339 presentem
495 1266 614 1322 cartam
625 1254 766 1324 ecetesie
780 1257 897 1324 Sancte
910 1252 1023 1325 Crucis
1034 1251 1213 1344 sigittorum
1234 1268 1417 1326 nostrorum

291 1364 483 1437 authoritate
503 1369 661 1437 munitum
687 1367 891 1440 donavimus.
913 1375 1024 1440 tetum
1052 1365 1249 1455 Ctamieiaei,
1265 1391 1350 1441 auno
1369 1367 1418 1440 iu·

291 1483 409 1552 eernati
429 1481 521 1553 Verbi
542 1486 566 1553 u
588 1486 612 1553 C
631 1488 652 1554 L
673 1488 803 1557 xxxvl.

818 1747 884 1810 cut

418 2025 569 2099 onemo,
587 2027 668 2090 1187
681 2029 736 2110 [ter
750 2029 943 2105 novembre,
961 2027 977 2091 a
998 2030 1033 2094 16
1048 2031 1129 2095 aurit
1144 2031 1258 2114 1188]ι

292 2307 447 2367 Fundation
463 2327 514 2382 par
532 2311 559 2366 le
574 2311 615 2366 roi
638 2310 766 2384 Philipps
779 2313 907 2383 Auguste
928 2312 963 2369 de
986 2329 1036 2369 son
1057 2313 1247 2371 anniversitas
1269 2315 1286 2371 t
1308 2312 1416 2373 Stiute·

382 2407 466 2464 Croix
481 2423 515 2464 en
530 2408 654 2480 estrange
668 2408 703 2465 de
718 2425 764 2465 ses
777 2409 866 2466 droits
881 2426 932 2467 sur·
945 2408 1134 2468 saint-Pieres
1148 2411 1324 2470 Ensentette.

294 2554 533 2623 tetulissent.
558 2558 673 2613 Mureeu
687 2559 740 2614 90:
764 2558 789 2612 1⁰
813 2558 857 2612 46.
885 2558 989 2613 Eutrait
1013 2559 1051 2614 du
1075 2559 1224 2616 cartulaire
1247 2559 1282 2616 de
1304 2557 1417 2616 Sainte-

326 2651 420 2718 croix,
441 2651 523 2709 1⁰36.
547 2684 581 2693 -
615 2654 700 2724 Cupie
724 2652 910 2722 d'Estiennot,
934 2671 988 2708 ms.
1013 2653 1060 2710 lat.
1085 2653 1195 2710 12739:
1214 2656 1239 2710 5.
1276 2685 1311 2696 -
1332 2654 1418 2727 Cupie

325 2744 473 2815 d’ttuboru
487 2746 553 2802 euti.
569 2747 648 2818 Jurrp
659 2747 692 2818 ²).

335 2968 368 3034 tn
388 2962 519 3036 nomine
533 2976 644 3036 sancte
657 2976 689 3036 et
711 2962 884 3035 individuae
903 2962 1077 3036 Trinitatis.
1101 2970 1214 3036 tmen.
1235 2962 1414 3056 Philippus,

291 3076 347 3150 uei
368 3077 467 3169 gratia
482 3081 675 3150 Francorum
697 3101 762 3149 rex.
780 3076 931 3148 Norerint
945 3078 1084 3151 universi
1100 3091 1268 3170 presentes
1295 3076 1416 3170 pariter

571 3295 768 3303 —————-

327 3426 334 3460 ¹
350 3425 392 3483 Gi.
409 3427 439 3482 L.
451 3427 565 3483 Detisle.
581 3427 664 3481 Actes
678 3425 712 3480 de
727 3425 862 3499 Philipps
875 3427 1013 3496 Aupuste.

325 3522 337 3555 ¹
351 3524 428 3578 Cette
443 3522 522 3595 copie
535 3526 578 3578 est
589 3521 677 3578 suivie
691 3521 776 3578 d'une
790 3522 915 3578 mention
928 3521 963 3577 de
977 3521 1057 3594 copie
1071 3521 1257 3578 collationuee
1271 3520 1309 3578 du
1323 3522 1417 3577 meme

289 3616 349 3667 ecte
363 3613 473 3684 d’epres
489 3612 514 3668 te
529 3612 609 3668 liure
622 3612 739 3681 nouem
762 3611 818 3668 etie
832 3612 954 3667 contient
970 3611 1020 3666 des
1043 3610 1143 3668 details
1165 3611 1348 3667 interessents
1367 3627 1417 3666 sur

288 3717 320 3754 ee
333 3701 464 3756 dernier:
484 3700 646 3756 ‹Collation
663 3702 749 3755 sente
764 3700 829 3755 faite
841 3701 876 3755 de
888 3705 959 3756 cette
979 3701 1109 3771 presente
1133 3700 1213 3772 copie
1237 3715 1254 3755 s
1278 3698 1416 3771 Porigiuul

290 3790 397 3846 d'ieette
412 3791 528 3846 extruite
542 3789 610 3845 d'un
624 3790 691 3844 liure
706 3790 788 3845 escrit
802 3806 837 3846 en
853 3790 1027 3862 parchemin,
1042 3806 1077 3845 en
1089 3790 1168 3846 tettre
1180 3791 1216 3846 de
1230 3791 1332 3859 terme,
1347 3790 1417 3846 retis

288 3887 367 3936 entre
379 3880 452 3936 deux
467 3880 519 3950 eis,
535 3885 650 3936 couvert
661 3878 697 3935 de
712 3880 773 3936 cuir
787 3896 885 3951 rouge,
896 3880 1011 3936 nomme
1023 3885 1050 3935 et
1064 3880 1163 3953 appete
1175 3879 1201 3935 le
1215 3880 1296 3936 Lirre
1306 3880 1415 3952 Ruuge,

289 3976 378 4026 estsnt
394 3986 430 4025 eu
444 3970 556 4024 thresor
580 3974 607 4024 et
629 3968 754 4040 ehepitre
768 3967 803 4025 de
827 3969 910 4024 ludite
933 3970 1018 4040 eglise
1041 3968 1197 4040 u’urttms,
1220 3977 1417 4038 eommeneeut

289 4060 356 4116 ledit
372 4059 440 4115 liure
453 4059 513 4114 sul
529 4056 637 4113 teuitiet
652 4058 734 4113 escrit
754 4075 788 4114 en
808 4059 835 4112 la
858 4059 998 4129 premiere
1017 4059 1112 4131 lignee
1138 4073 1269 4115 euersum
1290 4073 1416 4117 suuuuu

291 4164 361 4203 usne
375 4163 420 4215 tn,
435 4152 463 4201 et
478 4148 604 4202 tinisssnt
628 4163 663 4200 eu
683 4146 709 4201 lu
734 4147 904 4216 penultieme
926 4149 1001 4216 tigne
1025 4148 1084 4201 t'uu
1108 4148 1144 4201 tto
1164 4151 1252 4216 proce
1272 4148 1414 4217 MCGGC;

291 4237 371 4290 teette
391 4235 470 4305 copie
491 4239 580 4289 estant
602 4233 716 4287 inserite
731 4249 766 4286 on
786 4233 874 4304 ieeluy
896 4235 966 4288 line
991 4250 1025 4288 en
1047 4233 1216 4292 insecundo
1243 4236 1362 4291 eotenus
1376 4234 1415 4292 du

292 4324 347 4377 LX·
362 4321 479 4388 temnet,
496 4326 523 4375 et
537 4319 689 4374 eru-dessus
704 4318 813 4376 d'ioette
828 4321 909 4377 estoit
924 4321 1008 4376 escrit
1022 4336 1056 4375 en
1081 4326 1150 4376 teste
1170 4338 1205 4376 en
1227 4322 1309 4377 lettre
1327 4338 1416 4393 rouge

292 4424 426 4467 stersus:
447 4422 573 4465 utiterum
588 4421 673 4463 neers
699 4421 739 4464 uu
758 4422 831 4464 suus
845 4422 922 4473 ouon
951 4423 1080 4475 tituenus,
1104 4423 1135 4465 tu
1159 4423 1292 4466 eucissus
1314 4424 1416 4468 stucrt

292 4515 376 4557 uuum
392 4513 422 4557 ru
439 4512 541 4555 seurrs
556 4512 624 4554 stru
642 4511 721 4560 uuou
737 4512 823 4554 usrrrr
839 4512 987 4568 curruum,
1008 4515 1060 4571 par
1073 4515 1155 4566 nous,
1179 4499 1277 4558 Pierre
1291 4500 1325 4557 de
1340 4503 1416 4558 Vau-

291 4592 369 4647 detnr
381 4597 409 4648 et
424 4592 563 4663 ttnjorren
576 4591 629 4662 Ita,
643 4588 809 4646 eonseitlers
824 4589 861 4644 du
876 4605 925 4660 roy
939 4595 1035 4645 nostre
1047 4590 1103 4646 sire
1117 4605 1152 4645 eu
1172 4606 1204 4647 sa
1216 4607 1285 4652 eour
1299 4591 1335 4650 de
1351 4593 1417 4650 Par·

292 4683 396 4739 tement
409 4689 437 4740 et
449 4700 480 4740 es
494 4689 642 4756 requestes
656 4683 695 4738 du
710 4681 810 4752 Paleis,
823 4682 868 4737 ete
871 4721 924 4738 .....
941 4680 1012 4738 1497
1028 4700 1053 4737 »r
