3420 5490
700 687 878 751 449-

226 813 267 884 tia
285 811 427 885 dautridi
450 816 658 902 Cbatbetene,
692 814 782 886 curie
809 826 918 884 nostre
951 810 1066 884 notarii
1083 809 1179 903 jurati
1199 812 1317 883 adbuc
1336 834 1353 884 a

226 924 319 996 nobis
339 925 522 1017 specialiter
540 926 704 1009 destinati,
726 941 758 998 et
778 925 830 997 cui
859 948 957 1017 super
974 928 1036 996 boc
1066 939 1097 997 et
1123 924 1154 995 in
1179 926 1354 1015 maioribus

226 1041 321 1110 dudem
341 1039 545 1127 adhibemus,
566 1038 733 1114 constituti
751 1042 893 1111 dobanes
913 1037 1037 1121 ttorini,
1053 1038 1159 1123 miles,
1173 1051 1205 1109 et
1225 1036 1355 1109 domina

226 1151 305 1231 otu,
329 1154 399 1242 ejus
420 1176 509 1235 cruor,
531 1154 701 1244 qrramdam
722 1154 888 1224 censivam
904 1163 1088 1223 mouentem
1108 1173 1145 1221 ex
1162 1151 1258 1223 teudo
1276 1149 1354 1223 dicti

227 1265 350 1348 militis,
368 1289 464 1358 quam
486 1267 533 1337 sir
558 1264 750 1339 uenerabilis
781 1266 986 1357 dapmondus
1003 1266 1043 1336 de
1063 1266 1209 1348 toduuo,
1229 1262 1354 1356 capies

225 1380 292 1452 rins
321 1380 574 1468 Aurelianensis,
601 1383 696 1454 babet
724 1379 904 1453 duretianis
925 1394 957 1453 et
990 1384 1074 1474 apud
1096 1383 1286 1473 ttapdunnrn
1320 1395 1353 1455 et

224 1499 307 1588 apud
333 1500 565 1570 bornesiscum
585 1508 618 1568 et
647 1499 731 1588 apud
752 1502 936 1588 Semepum,
964 1518 1059 1587 quana
1079 1495 1209 1588 quidem
1230 1494 1354 1570 ceussi·

226 1633 295 1682 ram
323 1613 430 1683 dictus
465 1613 670 1704 Rapmondus
702 1625 825 1683 emerat
856 1608 987 1681 nornine
1026 1632 1098 1694 sno,
1130 1633 1195 1682 nou
1222 1609 1355 1682 nonius

225 1724 364 1796 ecclesie
384 1729 501 1796 Sancte
535 1723 660 1809 Crucis,
691 1739 722 1795 ct
751 1747 848 1816 quam
882 1722 1046 1796 censivam
1085 1737 1173 1797 tenet
1209 1723 1356 1797 intendo

226 1838 346 1909 adicto
362 1839 473 1923 miditc,
497 1861 605 1909 coram
636 1840 725 1909 dicto
747 1837 871 1909 notario
901 1836 1206 1920 amortidcarerunt,
1223 1851 1255 1911 et
1268 1838 1356 1929 quic·

227 1951 302 2041 qnid
326 1951 407 2041 juris
436 1955 597 2022 babebant
621 1968 652 2022 et
681 1954 801 2023 babere
820 1964 969 2042 poterant
999 1952 1031 2020 in
1050 1952 1194 2041 predicta
1207 1951 1356 2023 censsira

225 2065 296 2151 jure
311 2064 417 2153 atiquo
432 2087 489 2134 scu
515 2087 611 2133 causa
629 2063 758 2133 racione
782 2062 882 2147 teudi,
904 2065 991 2133 drcto
1008 2065 1193 2153 dapmondo
1212 2063 1356 2154 quitave-

229 2190 304 2244 runt
324 2189 355 2246 et
376 2178 505 2266 penitus
526 2175 761 2266 imperpetuum
787 2175 990 2258 dimiserunt,
1014 2178 1159 2248 uolentes
1184 2191 1215 2249 et
1242 2199 1358 2249 conce·

229 2291 344 2362 utentes
377 2295 461 2382 qnod
495 2290 604 2361 dictus
642 2293 848 2382 dapmondus
881 2289 999 2361 dictam
1030 2291 1210 2364 censsisarn
1245 2307 1358 2365 tenere

232 2409 333 2478 rateat
356 2404 598 2478 arnortittcatam
621 2409 667 2476 ret
699 2407 739 2476 ab
759 2408 830 2498 ipso
852 2429 983 2477 cauum
1003 2406 1134 2480 tenendi
1148 2410 1306 2481 babentes
1319 2422 1352 2481 et

231 2523 327 2596 etiam
343 2524 552 2616 possedendi,
581 2537 613 2596 et
638 2525 785 2595 eamdem
812 2522 992 2595 oenssiram
1025 2525 1177 2609 rendere,
1202 2524 1357 2609 aiieoare,

231 2639 350 2708 donare
378 2651 411 2708 et
438 2636 652 2709 elemosinam
681 2636 874 2727 cuicumque
895 2636 1030 2707 notuerit
1044 2639 1304 2721 amortidcatam,
1325 2653 1358 2709 et

231 2776 300 2823 earn
322 2751 353 2821 in
367 2775 463 2821 manu
482 2765 605 2822 mortua
626 2766 748 2828 tenero,
772 2774 829 2840 pro
850 2773 910 2839 qua
925 2749 1198 2822 amortidcacione
1216 2751 1357 2823 condessi

231 2871 359 2936 tuerrmt
378 2888 485 2935 eoram
501 2865 589 2935 dicto
607 2865 732 2934 notario
747 2886 783 2933 se
801 2863 953 2933 babuisse
967 2879 1000 2934 ct
1025 2865 1188 2955 recepisse
1207 2866 1240 2935 in
1261 2887 1359 2956 pecu·

232 2975 282 3046 nia
298 2990 462 3047 numerata
479 3001 495 3046 a
516 2975 603 3046 dicto
625 2979 810 3066 ttapmondo
828 2973 937 3064 uiginti
958 2975 1055 3046 libras
1072 2974 1311 3067 parisiensium,
1326 2989 1360 3049 et

232 3090 500 3162 rcnrrstciarerunt
528 3090 713 3183 exceptioni
739 3112 803 3161 non
830 3103 996 3162 numerate
1028 3088 1177 3180 pecunie,
1205 3089 1266 3163 sibi
1293 3114 1358 3163 nou

233 3208 347 3276 tradite
363 3229 427 3275 non
447 3209 564 3289 solute,
585 3221 617 3276 et
638 3207 854 3296 promiserunt
875 3204 951 3275 dicti
969 3206 1063 3276 mites
1079 3218 1111 3277 et
1131 3206 1202 3297 ejus
1221 3228 1300 3277 usuc
1322 3227 1359 3278 ue

232 3334 400 3391 curatanos
420 3333 451 3391 et
483 3322 635 3400 tacturos,
652 3319 731 3389 intra
750 3316 1019 3390 iterurectiouem
1041 3318 1254 3404 Dominicam,
1271 3322 1358 3412 quod

234 3437 379 3504 Gattorns
404 3435 444 3504 de
474 3437 681 3514 bnnemnsio,
714 3435 879 3505 secundus
907 3435 1061 3505 dominus
1099 3434 1233 3507 teodaiis
1272 3433 1360 3508 dicte

233 3556 377 3630 censure,
402 3563 500 3618 ratam
524 3549 652 3618 babebit
677 3547 982 3618 amortidcacionern
1016 3548 1191 3638 predictam
1222 3561 1255 3619 et
1286 3569 1358 3619 eam

233 3665 389 3732 concedet
405 3661 509 3731 eidem
525 3663 710 3751 Raymondo
725 3675 757 3730 ct
776 3665 847 3749 ejus
866 3684 996 3730 causam
1013 3660 1207 3730 habentibus
1227 3659 1358 3733 tenendi

233 3777 392 3858 eamdem,
416 3787 448 3844 et
465 3775 620 3863 quicquid
644 3777 729 3862 juris
749 3776 844 3844 babet
875 3786 908 3844 et
929 3775 1046 3844 babere
1068 3787 1175 3864 potest
1203 3776 1251 3844 sei
1264 3776 1362 3846 debet

234 3890 365 3958 racione
398 3886 482 3956 teudi
512 3889 544 3955 in
577 3885 661 3957 dicta
690 3885 838 3958 censsira
862 3886 951 3957 dicto
978 3888 1163 3978 ltapnsoudo
1188 3889 1235 3959 rei
1256 3890 1298 3959 ab
1321 3910 1362 3960 oo

234 4025 364 4074 causam
381 4000 574 4072 babentibus
598 4000 791 4091 possidenda
807 4000 945 4093 quitabit
964 4000 1091 4094 penitus
1106 4016 1138 4073 et
1157 3999 1309 4086 dimittet,
1328 4017 1361 4075 et

236 4117 356 4187 litteras
375 4114 574 4188 sancientes
601 4137 700 4206 super
731 4119 792 4184 boc
819 4117 977 4187 concedet
1007 4114 1362 4207 Rspmondosuperius

237 4231 411 4300 nominato.
433 4233 468 4299 Et
484 4231 593 4298 omnia
613 4242 645 4298 et
666 4227 792 4317 singula
813 4228 996 4318 supradicta
1020 4227 1248 4318 promiserunt,
1271 4239 1359 4301 stc...

237 4346 322 4413 lianc
336 4359 441 4413 autem
459 4340 765 4412 amortidcacinnem
797 4355 829 4411 et
849 4340 1074 4412 dimissionem
1094 4341 1272 4432 predictam
1291 4365 1363 4436 pre·

236 4456 482 4529 diotecenssiue
510 4468 543 4527 et
567 4459 712 4544 epusdem
745 4453 887 4547 parcium
918 4458 1054 4540 ductus,
1087 4454 1171 4527 titius
1201 4458 1362 4530 dictorum

237 4570 347 4641 militis
366 4588 398 4641 et
425 4573 496 4662 ejus
534 4576 654 4657 uraris,
682 4593 790 4642 coram
815 4571 905 4641 dicto
936 4569 1060 4643 notario
1087 4570 1297 4655 constitutus,
1323 4574 1365 4645 de

239 4689 401 4758 uoluntate
415 4699 449 4757 et
467 4684 659 4758 auctoritate
680 4685 849 4777 patrissui
872 4684 1031 4775 presentis
1050 4682 1165 4770 notuit,
1185 4687 1365 4770 nucarii,
