3420 5490
800 1115 900 1177 cetu

707 1392 745 1455 to
766 1374 901 1455 octobre
923 1389 1002 1455 1237

292 1622 330 1679 Lo
340 1621 463 1694 chapitre
477 1621 595 1677 soconda
609 1637 645 1676 au
655 1621 795 1677 chanoine
809 1619 906 1676 Simon
919 1619 955 1676 de
975 1620 1073 1693 ligny,
1094 1637 1145 1692 par
1171 1620 1257 1693 agorn
1272 1636 1326 1677 anx
1341 1622 1416 1678 atne¹

324 1718 467 1773 iiorations
492 1716 608 1790 oporees
629 1733 665 1772 en
693 1731 739 1772 tos
755 1716 889 1786 maisons,
919 1732 974 1788 que
994 1713 1031 1772 to
1054 1732 1121 1773 sono
1146 1732 1196 1772 sur
1220 1717 1298 1772 lauro
1322 1717 1416 1790 iopen

324 1820 420 1870 soront
436 1813 586 1869 distribuis
598 1830 633 1868 en
655 1830 707 1869 son
727 1813 918 1869 anniversariae
933 1814 963 1868 at
987 1829 1022 1868 en
1037 1811 1111 1868 colui
1125 1812 1161 1869 do
1184 1829 1236 1869 eon
1256 1813 1338 1869 onoio
1353 1813 1415 1869 Ri-

323 1909 417 1978 gnoud
431 1911 466 1965 de
485 1910 583 1981 ligny,
597 1911 781 1982 archiprotro
798 1911 824 1965 io
842 1915 916 1964 resto
937 1907 1045 1964 desdits
1069 1910 1160 1980 iopors
1182 1908 1284 1965 derant
1299 1908 1409 1964 l’otrai

324 2003 530 2061 i'annirorsaire
541 2005 577 2061 de
588 2007 726 2076 Monaesi,
742 2004 894 2060 cherecier.

520 2152 608 2224 (Orig.
629 2170 652 2206 s.
669 2152 764 2223 paron.
782 2151 868 2207 Accii.
885 2152 922 2207 du
937 2151 1041 2223 Loiret,
1054 2152 1088 2211 G.
1103 2152 1183 2224 tto.)

323 2371 512 2465 'tioterrusl
536 2373 678 2443 decanos
701 2382 867 2463 totumque
886 2371 1060 2464 capitutum
1080 2369 1325 2456 Aurelianense,
1343 2371 1415 2445 nni·

291 2485 390 2558 versis
410 2501 578 2578 presentes
607 2485 727 2558 litteras
753 2484 946 2579 inspectoris
971 2487 1108 2558 satutem
1128 2484 1160 2557 in
1182 2484 1320 2560 Domino
1345 2490 1415 2560 Sai-

289 2613 408 2671 vatore.
430 2600 680 2691 Noveritisqnod
697 2625 770 2685 nos,
787 2602 1031 2672 considerantes
1047 2599 1302 2673 meliorationem
1317 2625 1412 2693 qnam

289 2717 441 2806 rnogister
465 2719 584 2805 Spmon
609 2718 649 2785 de
677 2713 840 2805 Lignioco,
873 2713 1114 2787 concanonicus
1141 2728 1265 2799 nostor,
1282 2714 1358 2788 tecit
1379 2717 1413 2788 in

289 2828 438 2899 domibus
456 2830 537 2911 sois,
558 2828 781 2899 concessimus
798 2829 903 2901 eidem
929 2830 1015 2919 qnod
1042 2827 1073 2899 in
1101 2828 1321 2901 anniversario
1341 2832 1414 2920 ejas

289 2940 480 3012 etarrrnonii
494 2940 543 3011 sni
559 2940 722 3032 itaginatdi
744 2944 784 3014 rie
811 2943 974 3034 Lignioco‚
1004 2940 1264 3035 archipresbiteri
1289 2955 1322 3015 et
1337 2966 1414 3016 con·

290 3055 433 3127 canonici
463 3055 577 3141 nostri,
596 3057 710 3127 eodem
745 3056 796 3128 die
824 3058 855 3126 in
887 3055 1025 3129 ecclesia
1049 3069 1158 3131 nostra
1179 3055 1298 3150 pariter
1328 3070 1361 3129 et
1381 3057 1412 3129 in

290 3186 478 3264 perpetuum
508 3173 713 3254 celebrando,
740 3171 971 3244 distribuamus
998 3171 1207 3264 quadraginta
1230 3173 1353 3246 solidos
1372 3176 1413 3245 tie

289 3284 446 3378 pensione
466 3289 633 3357 doniornrn
665 3291 864 3375 earumdem,
885 3290 973 3358 satio
1005 3286 1136 3358 residuo
1152 3287 1317 3379 pensionis
1331 3286 1413 3379 ipsa·

290 3424 360 3469 rnrn
377 3402 544 3470 domorum
570 3403 650 3470 nitra
667 3402 771 3472 dictos
790 3401 997 3492 qnadraginta
1017 3403 1152 3488 solidos,
1173 3404 1258 3492 quod
1275 3399 1306 3471 in
1322 3401 1414 3472 anni·

291 3512 428 3585 versario
458 3515 509 3605 pie
543 3514 772 3585 recordationis
801 3521 956 3595 Manasse
982 3513 1131 3608 capicerii
1157 3516 1412 3602 Aurelianensis,

290 3621 510 3692 distribuetur.
534 3626 649 3692 Dotnrn
669 3645 753 3693 anno
768 3622 894 3694 Dornini
915 3627 992 3694 MCC
1010 3622 1174 3695 tricesimo
1188 3623 1339 3716 septimo,
1361 3626 1414 3696 dio

290 3736 415 3807 veneris
435 3750 508 3807 ante
524 3742 640 3807 t'estnm
656 3736 738 3808 boati
760 3742 843 3811 Luce
855 3738 1086 3830 euvangeiisto.
