3420 5490
763 704 943 770 -tta-

290 833 509 923 proquodam
540 829 669 921 grangia
696 833 779 921 apuu
800 836 906 903 tteeou
934 830 1061 902 Gireudi
1092 830 1250 905 faciende.
1277 835 1315 905 tu
1338 832 1411 926 quia

290 966 352 1015 non
368 947 515 1014 vutrrmus
535 966 595 1014 nec
618 942 815 1014 intendimus
835 944 921 1034 qrrotl
942 943 1028 1016 dicto
1048 943 1180 1016 domino
1205 944 1271 1036 regi
1287 946 1416 1039 aliquod

288 1055 497 1148 prejudicium
528 1080 625 1148 super
659 1059 719 1127 truc
755 1071 940 1145 generetur,
979 1056 1085 1129 eidem
1126 1071 1254 1129 nostras
1291 1058 1416 1132 litterae

288 1170 435 1241 duximus
455 1173 691 1242 concedendas.
726 1174 838 1240 notum
870 1192 956 1241 anno
983 1169 1111 1243 Domini
1136 1175 1272 1256 ucctx,
1302 1196 1416 1247 mense

289 1283 458 1357 februario.

805 1650 900 1713 CCCX

727 1927 765 1989 tt
791 1927 872 1990 avril
894 1925 971 1989 ttot

288 2176 477 2248 ltpprobetion
496 2176 531 2232 de
547 2176 626 2233 l'aete
637 2177 747 2233 suivant
762 2183 789 2233 et
804 2177 1032 2235 amortiseement
1046 2176 1096 2232 des
1109 2177 1209 2232 choree
1223 2173 1349 2231 renunes
1364 2190 1416 2248 par

323 2272 418 2328 Pierre
437 2277 464 2327 et
480 2273 586 2329 Aubert
612 2273 646 2329 de
666 2274 817 2346 Vitlepion,
843 2276 982 2346 premiere
1001 2274 1159 2345 seigneur-s,
1183 2287 1250 2327 arec
1273 2272 1415 2342 quittancc

325 2368 360 2422 de
375 2370 506 2424 notiores
521 2370 622 2441 parisis
636 2386 718 2437 reone
733 2369 770 2425 du
791 2371 916 2442 chapitre
931 2388 1004 2442 pour
1027 2371 1053 2425 le
1074 2369 1156 2441 quint
1177 2373 1204 2424 et
1228 2366 1416 2423 l'amortieee-

326 2469 411 2519 ruent.

523 2563 610 2635 (Orig.
626 2580 648 2619 e.
665 2565 760 2635 perch.
777 2563 862 2620 Arelr.
880 2562 919 2619 du
931 2563 1035 2634 Loiret‚
1051 2562 1177 2637 Gr3t'r5.)

332 2779 492 2851 Universis
524 2795 692 2872 presentes
731 2782 853 2852 litteras
895 2780 1103 2871 inspecturis,
1144 2776 1292 2850 officiatis
1326 2775 1416 2850 curie

288 2893 524 2965 Aurelianensis
558 2895 740 2965 satutemin
771 2896 920 2966 Domino.
948 2893 1104 2966 Noveritis
1133 2895 1218 2986 qrrod
1242 2892 1273 2962 in
1305 2906 1415 2963 nostra

289 3007 448 3099 presentia
476 3008 641 3079 constituti
670 3012 782 3080 Petrus
809 3012 849 3080 rte
881 3006 1063 3101 Vitiaripiou
1093 3022 1124 3079 et
1152 3011 1323 3090 tubertus,
1344 3007 1416 3097 ejus

289 3129 393 3209 trater,
416 3123 546 3209 rnititcs,
569 3125 791 3196 vendicionem
808 3129 921 3195 iactam
937 3125 1175 3196 rcrrerabititrus
1195 3122 1271 3194 uiris
1291 3124 1415 3193 decano

288 3252 320 3310 ct
354 3239 492 3330 capituto
530 3239 813 3312 ttrrretianensitrus
839 3264 855 3310 a
879 3242 1017 3311 ttobcrto
1044 3241 1083 3310 tle
1117 3236 1270 3310 Frocuitta
1298 3233 1415 3320 milite,

287 3354 564 3426 ritteticettlunrns
585 3355 735 3427 cttueius
755 3370 838 3425 terre
857 3353 985 3425 arabitis
1008 3355 1180 3425 imbtadate
1205 3366 1236 3424 et
1262 3374 1326 3424 uon
1356 3349 1416 3421 im·

289 3471 425 3557 orauere,
444 3496 537 3563 rpraur
558 3496 593 3543 se
612 3474 730 3542 naono
748 3469 875 3542 dicebat
891 3468 976 3542 idern
1003 3472 1160 3541 ttouenus
1184 3468 1268 3560 apud
1297 3471 1414 3549 iteres,

288 3585 319 3656 in
335 3586 498 3676 parrochia
515 3591 552 3659 de
566 3589 716 3672 noereio,
728 3597 874 3678 -prout
890 3581 1238 3658 contineturintitteris
1251 3581 1416 3655 reuerendi

289 3705 389 3791 patris
413 3699 555 3792 episcopi
577 3703 783 3772 carnutensis
811 3722 908 3792 super
937 3702 996 3770 trae
1023 3696 1214 3769 vendicionc
1244 3694 1415 3779 contectis,

288 3837 349 3902 «pne
381 3814 427 3884 sic
457 3813 630 3902 incipiunt:
656 3817 697 3883 P.
724 3816 839 3882 dieitur
866 3814 1073 3882 miseracione
1098 3812 1309 3882 Garunnam
1333 3812 1418 3901 epis·

287 3951 381 4017 copus
400 3942 431 3998 et
457 3941 576 4009 cetera,
598 3942 629 3997 et
663 3928 710 3997 sic
736 3926 977 3996 terminantur:
1005 3928 1126 3996 Dotem
1157 3947 1244 3995 enno
1275 3925 1420 3994 Domini

288 4043 459 4110 millesimo
478 4043 690 4109 ‹trecentesirno
708 4043 904 4127 scenpeainro
919 4042 1037 4129 primo,
1059 4039 1275 4120 naereseuror'o,
1287 4076 1329 4090 -
1350 4058 1418 4106 mn-

290 4167 415 4223 uentem
432 4155 472 4222 do
491 4155 583 4223 tenuo
598 4155 756 4222 dicturum
779 4154 929 4232 militurn,
953 4153 1178 4232 laudaverunt,
1201 4151 1418 4238 quittaverunt

292 4278 324 4334 et
339 4262 433 4335 etiam
464 4263 777 4334 admortiticauerunt
799 4262 896 4333 dictis
916 4265 1040 4333 decano
1067 4275 1098 4333 et
1113 4260 1255 4353 capituto
1274 4259 1416 4332 Aurelia·

289 4377 457 4462 nensiirus,
496 4390 656 4463 tamquam
697 4375 788 4467 primi
824 4375 946 4445 domini
985 4377 1140 4460 feodales,
1174 4375 1284 4465 precio
1305 4386 1418 4466 quater

289 4495 398 4588 viginti
426 4499 577 4567 librarum
612 4493 850 4587 parisiensium,
879 4509 945 4566 tum
978 4519 1035 4585 pro
1053 4493 1166 4587 quiunt
1184 4495 1225 4566 de
1313 4525 1328 4580 r,
1350 4506 1417 4564 turn

288 4613 383 4685 ctiam
398 4637 454 4706 pro
474 4611 773 4699 nrtmortificatione,
792 4614 831 4682 de
843 4613 960 4703 rpritrus
975 4634 1011 4682 sc
1025 4626 1149 4684 tenuere
1209 4607 1285 4681 dicti
1373 4629 1419 4682 ree

289 4731 510 4801 coremnutrie
551 4730 674 4821 integre
709 4752 766 4821 pro
798 4727 920 4822 pagetis
947 4726 979 4797 in
1008 4727 1145 4821 pecunia
1334 4747 1419 4818 ‚re-
