3420 5490
668 438 840 504 CCLXXlV

659 734 735 797 tuin
757 733 839 796 tato

191 987 363 1055 (lulllaume,
379 988 484 1058 tneque
510 986 666 1053 d'Orleans,
695 986 812 1041 necorde
835 987 940 1058 qu'unc
965 984 1120 1058 prebende,
1144 984 1194 1039 des
1214 1002 1271 1057 quo
1286 985 1312 1039 la

226 1084 311 1137 clrose
325 1099 388 1137 sera
402 1082 536 1154 possible,
549 1082 603 1136 soit
625 1081 740 1137 allectio
762 1082 1026 1137 tl‘sccroissernent
1040 1080 1076 1136 de
1090 1082 1116 1135 la
1132 1080 1313 1135 distribution

225 1176 261 1233 de
284 1177 349 1246 prin
371 1177 504 1233 institute
523 1192 573 1247 per
591 1176 717 1247 l'trtque
741 1176 868 1247 Philipps
891 1190 963 1248 pour
989 1175 1119 1231 stimulet
1140 1174 1168 1231 le
1187 1174 1246 1230 sile
1261 1174 1313 1228 des

225 1272 403 1329 chanoiuest
418 1272 540 1342 prendre
553 1276 616 1343 pert
628 1286 683 1326 aux
694 1270 798 1326 oldoes.

462 1415 551 1486 (Oris.
567 1434 590 1472 s.
605 1416 701 1487 perch.
720 1416 805 1471 Arch.
819 1416 858 1471 du
872 1414 974 1485 loiret,
989 1416 1040 1486 G.)

234 1656 436 1742 Guilelmus,
471 1655 577 1729 divina
610 1655 816 1729 miseratione
850 1656 1088 1729 Aurelianensis
1125 1656 1313 1751 episcopus,

189 1773 349 1842 universis
370 1786 536 1862 presentes
566 1769 688 1841 litteras
717 1769 911 1862 inspecturis
940 1772 1077 1841 salutern
1110 1772 1145 1841 in
1160 1769 1312 1843 Domino.

190 1884 457 1977 significaverunt
473 1882 566 1955 nobis
586 1884 693 1956 dilecti
710 1883 764 1954 dlii
778 1885 966 1976 Al[anasses]
979 1887 1123 1957 decanus
1138 1897 1172 1956 et
1190 1884 1314 1969 canitu-

189 2002 254 2069 lum
270 2002 499 2070 Aurelianense
517 2000 602 2089 quod
619 2020 692 2068 cunt
706 1997 842 2068 ecclesia
863 1996 1113 2081 Aurelianensis,
1129 1996 1162 2069 iu
1181 2020 1245 2089 uua
1264 2014 1316 2070 est

189 2126 299 2184 certus
318 2111 547 2183 canonicorum
579 2133 734 2182 numerus
761 2109 941 2194 institutus,
958 2112 1141 2202 juramento
1169 2112 1317 2184 firmatus

188 2239 222 2297 et
239 2248 296 2317 per
312 2227 422 2297 sedern
453 2227 667 2317 apostolicam
685 2226 905 2308 confirmatus,
929 2236 1059 2318 propter
1083 2222 1312 2297 canonicorum

190 2339 374 2412 absenciant
404 2339 564 2410 ‹leleotunr
596 2338 627 2410 in
648 2338 765 2412 (livinis
794 2338 997 2432 aliquociens
1023 2350 1195 2432 inereretur,
1230 2342 1316 2413 lione

191 2454 347 2527 mernoric
368 2453 546 2547 Philippus,
566 2458 728 2546 ‹lucridant
749 2455 989 2526 Aurelianensis
1008 2452 1182 2547 episcopus
1198 2457 1317 2547 prede-

189 2592 302 2642 ccssor
323 2585 446 2652 noster,
466 2581 498 2640 et
518 2571 662 2641 decanus
679 2582 711 2639 et
730 2571 908 2660 capitulum
928 2570 1076 2660 ejusdem
1105 2566 1260 2653 ecclesie,
1281 2583 1317 2642 ut

187 2686 227 2755 ad
254 2684 459 2755 serviendum
484 2697 517 2752 et
537 2681 744 2754 residendum
774 2681 931 2753 libencius
964 2680 996 2750 in
1033 2682 1148 2783 eadem
1166 2682 1318 2753 canonici

189 2796 419 2868 inducerentur
433 2800 597 2879 absentes,
621 2794 858 2868 deliberacione
879 2794 1009 2888 provida
1029 2808 1212 2868 statuerunt
1229 2796 1318 2889 quod

189 2910 326 3002 singulis
343 2908 508 2982 canonicis
528 2911 583 3001 qui
600 2908 717 2979 divinis
732 2908 908 2980 intererunt
927 2907 1043 2980 ciliciis
1054 2908 1191 3001 singulis
1202 2908 1319 2983 diebus

190 3027 230 3095 ds
249 3023 442 3115 quibusdam
456 3022 637 3093 redditibus
652 3045 735 3113 quos
752 3022 836 3094 idem
856 3022 1030 3115 episcopus
1057 3034 1090 3093 et
1108 3020 1239 3113 quidam
1263 3021 1318 3095 alii

190 3138 310 3208 Christi
327 3139 438 3207 lidclcs
457 3137 563 3206 oidern
581 3138 720 3207 ecclesie
734 3138 774 3207 ad
790 3134 821 3205 id
841 3135 1020 3207 contulisse
1044 3136 1208 3219 dicuntur.
1229 3152 1319 3211 eeru

192 3250 285 3343 panis
304 3247 486 3321 distributio
506 3248 737 3340 assignaretur.
758 3252 875 3321 Verurn
899 3250 973 3341 quia
992 3248 1069 3321 dicti
1086 3249 1232 3321 redditus
1251 3272 1318 3323 non

190 3361 393 3435 sulliciebaot
413 3366 592 3456 pertusius
611 3362 686 3433 antri
701 3362 858 3435 circulum
871 3364 910 3434 ad
929 3362 1189 3438 distributionem
1208 3368 1320 3459 buius·

191 3478 278 3549 tundi
294 3478 486 3563 laciendum,
504 3477 765 3569 supplicaverunt
781 3476 875 3548 nobis
890 3476 966 3548 dieti
989 3480 1132 3550 decanus
1144 3494 1177 3553 et
1195 3480 1320 3573 capitu·

191 3595 258 3663 lum
278 3607 312 3663 ut
344 3616 438 3662 uoarn
466 3596 507 3663 de
539 3591 715 3683 prebendis
747 3590 986 3663 Aurelianensis
1011 3594 1151 3667 ecclesie
1174 3597 1216 3666 ad
1234 3616 1320 3687 opus

191 3703 282 3796 panis
300 3710 446 3776 conterre
463 3704 715 3777 misericorditer
734 3704 950 3797 dignaremur.
967 3706 1193 3799 Nasamonio
1207 3708 1320 3779 consi·

190 3822 341 3891 derantcs
361 3834 391 3890 et
408 3822 532 3890 oculata
555 3822 616 3889 lide
629 3835 866 3911 cognoscentes
879 3823 965 3912 quod
985 3820 1012 3892 si
1033 3820 1118 3893 dicta
1137 3820 1230 3913 turris
1251 3820 1320 3895 dis·

191 3933 329 4005 tribucio
348 3958 404 4026 per
418 3949 520 4006 toturn
539 3958 659 4006 arritum
680 3937 821 4021 duraret,
843 3958 907 4005 riou
927 3934 1091 4007 rrrodicum
1107 3950 1271 4009 cresceret
1286 3952 1321 4011 et

189 4062 456 4139 augmentaretur
471 4046 636 4119 servitium
655 4050 794 4119 ecclesio
820 4060 1008 4131 mernor-ate,
1025 4046 1193 4141 cupientes
1213 4048 1321 4123 modis
