3420 5490
760 690 800 706 ..
821 660 881 723 440
905 694 941 706 ..

288 807 319 861 et
348 792 443 860 etiam
465 789 649 858 dellendere
676 788 716 855 ad
743 806 822 854 usus
848 797 881 853 et
900 785 1154 853 eonsuetudines
1178 782 1279 873 patrie
1302 796 1413 852 contra

287 924 413 989 omnes,
439 898 585 991 obligans
609 912 644 969 ut
669 919 765 990 supra
785 919 821 969 se
840 910 871 967 et
891 918 948 967 sua
969 894 1064 967 dietis
1089 892 1266 967 canonicis.
1284 898 1414 967 llenun·

288 1016 403 1088 eiandu
418 1015 449 1086 in
472 1019 533 1087 boe
553 1013 797 1086 laetoomnibus
814 1011 1060 1105 exceptionibus
1068 1011 1152 1105 juris
1163 1027 1195 1084 et
1212 1012 1301 1098 laeti,
1318 1034 1414 1086 eane

289 1129 351 1199 uici
374 1144 406 1200 et
429 1129 548 1208 uirilis,
575 1128 662 1198 ornni
688 1126 875 1217 decepciom
896 1126 960 1197 doli
981 1130 1069 1213 mali,
1093 1126 1278 1219 eteepcioni
1299 1130 1416 1217 decep·

288 1242 387 1313 tionis
402 1246 482 1312 ultm
497 1243 701 1312 urredictatom
717 1240 795 1331 justi
811 1238 921 1329 precii,
939 1238 1123 1331 excepcioni
1144 1242 1184 1310 de
1199 1241 1327 1310 duobus
1346 1239 1415 1311 siue

289 1355 433 1449 pluribus
458 1354 523 1426 reis
544 1352 695 1438 debendi,
720 1352 934 1443 omnibusque
956 1352 1131 1444 privilegiis
1147 1351 1252 1425 erneis
1274 1352 1416 1425 crucesi-

287 1470 393 1562 gnatis
412 1484 442 1540 et
462 1467 726 1559 crucesignandis
746 1467 879 1537 indultis
902 1469 948 1537 rel
965 1466 1184 1557 indulgentiis,
1210 1479 1243 1538 et
1262 1469 1415 1539 omnibus

288 1580 360 1653 eliis
383 1581 578 1669 raciouibus,
599 1578 850 1671 allegaciunibus
871 1601 933 1670 utre
959 1594 1070 1651 contra
1091 1581 1247 1671 premissa
1266 1582 1314 1651 rel
1342 1602 1414 1671 pre·

289 1718 366 1767 seue
387 1696 635 1765 instrumentum
664 1692 749 1763 istud
777 1706 909 1782 possent
947 1692 1032 1762 obici
1066 1691 1133 1763 sire
1166 1693 1242 1763 diei.
1287 1697 1416 1786 Suppo-

289 1823 404 1881 nentes
428 1832 463 1879 sc
488 1805 704 1899 jurisdictioni
723 1808 824 1890 curie,
847 1819 957 1876 nostre
978 1805 1172 1897 ubicumque
1201 1806 1268 1878 sint
1296 1822 1349 1879 aut
1379 1830 1416 1880 se

289 1920 523 2008 transtulerint,
539 1920 580 1992 ita
600 1922 685 2013 quod
711 1943 771 1991 uos
791 1919 877 2012 ipsas
897 1920 1061 2011 possimus
1083 1920 1364 1993 excommunicare
1382 1922 1411 1994 si

289 2051 400 2109 contre
417 2034 575 2128 premissa
590 2039 637 2106 vel
650 2033 879 2126 premissorum
892 2034 1010 2125 aliquid
1027 2034 1282 2127 presumpserint
1295 2034 1417 2127 aliquid

290 2166 491 2246 attemptare.
509 2157 542 2222 ln
559 2153 653 2243 cujus
669 2153 714 2223 rei
730 2149 949 2222 testimouium
963 2165 996 2222 et
1007 2152 1196 2222 memoriam
1213 2150 1420 2243 presentibus

291 2266 405 2338 litteris
424 2266 564 2358 sigillum
585 2281 731 2338 nostrum
753 2269 793 2337 ad
814 2264 1007 2358 peticionem
1032 2264 1175 2359 parcium
1194 2264 1344 2337 duximus
1362 2288 1420 2359 ep·

291 2383 490 2473 ponendum.
511 2384 624 2452 Datum
644 2379 696 2451 die
709 2380 793 2473 juris
815 2394 886 2471 post
906 2378 1135 2453 lareaciooem
1160 2384 1277 2454 Sancte
1292 2380 1415 2467 Crucis,

293 2517 379 2566 anuo
394 2494 521 2567 Domini
542 2498 699 2567 ttcctxx
714 2493 839 2586 quinto.

766 2806 944 2869 cccxxvu

661 3041 761 3115 l'arls,
785 3036 960 3102 decembre
983 3036 1061 3102 lblb

293 3259 431 3315 sentence
445 3258 481 3313 de
501 3258 527 3313 le
542 3272 612 3311 cour
634 3254 672 3310 du
687 3254 728 3310 roi
749 3254 918 3311 eonbrment
933 3254 1110 3326 l’eremptiou
1125 3252 1161 3310 de
1175 3254 1252 3311 tuille
1276 3270 1312 3311 en
1326 3256 1424 3311 terent·

329 3355 369 3408 du
389 3358 502 3423 sergent
520 3352 568 3421 qui
587 3350 658 3404 rend
677 3352 704 3404 le
725 3352 832 3404 seruies
856 3350 894 3404 du
910 3355 1072 3419 mnuuterge
1094 3366 1132 3406 att
1145 3350 1328 3421 musteum,
1352 3351 1424 3407 aton

330 3449 415 3519 qu’au
427 3447 517 3517 dopeu
531 3450 560 3507 et
575 3461 609 3499 au
624 3444 760 3515 ebapitre,
776 3444 801 3498 le
812 3443 893 3499 leudi
914 3445 1002 3500 Sciat.
1014 3445 1023 3479 ¹

297 3590 381 3660 (Bibl.
401 3590 465 3646 Net.
491 3591 618 3659 Meroen,
636 3588 690 3644 teu
710 3605 716 3643 :
738 3587 831 3643 tet«
855 3588 921 3644 Tire
936 3588 974 3643 du
997 3588 1147 3644 cartulaire
1162 3589 1197 3643 de
1222 3588 1424 3645 Salate-Croix

332 3687 429 3753 d’ort,
444 3685 494 3741 lul.
511 3684 660 3740 xxxvttt.
677 3703 692 3735 s
708 3685 818 3755 Europe
833 3700 884 3755 par
898 3686 931 3739 ll.
952 3684 986 3739 (l.
1009 3684 1112 3740 llened.
1125 3685 1152 3739 le
1165 3683 1200 3739 tt
1219 3686 1275 3739 roei
1291 3684 1387 3755 tttte).

345 3870 524 3965 Phiiippus,
549 3874 606 3941 bei
629 3872 735 3962 gracia
756 3875 950 3943 Francorum
971 3894 1038 3955 rex,
1060 3884 1171 3943 notum
1198 3873 1333 3945 lauimus
1353 3874 1425 3946 uni·

300 3986 401 4059 uersis
427 4002 490 4058 tam
523 3986 727 4079 presentibus
754 4010 850 4079 quem
872 3986 987 4059 lutaris
1013 3990 1099 4082 quod
1124 4010 1198 4059 eum
1218 3991 1425 4065 subdecanus

301 4186 706 4197 ——...——-..-.-—-
732 4190 770 4197 ..--
784 4190 841 4197 .-—

335 4315 344 4349 ¹
364 4313 433 4369 Nate
447 4314 485 4367 de
499 4312 570 4366 llum
587 4310 680 4365 Geron
696 4328 703 4365 :
726 4332 739 4361 ι
760 4310 797 4364 Cu
812 4310 872 4365 seul
884 4309 932 4381 qui
947 4309 1011 4363 eluit
1027 4308 1161 4364 ellranelri
1175 4308 1278 4365 seruoit
1292 4326 1349 4365 nou
1363 4326 1428 4365 eeu·

300 4404 404 4458 letnent
419 4404 444 4456 le
460 4402 613 4472 suutlupen,
627 4400 697 4454 runis
712 4400 730 4454 il
745 4400 813 4455 eluit
826 4400 918 4468 obligd
941 4398 976 4453 de
999 4400 1145 4471 preeunter
1162 4416 1218 4453 une
1235 4400 1365 4455 seruietle
1390 4416 1427 4455 att

300 4492 390 4563 dupuu
406 4498 435 4547 et
449 4508 502 4545 arra
517 4491 670 4547 elrauoiues
692 4491 717 4545 le
740 4489 920 4546 leudi-Suiut
944 4494 1027 4545 avaut
1047 4490 1074 4543 la
1095 4490 1180 4545 Gerre.
1197 4492 1247 4545 llcl
1261 4488 1344 4545 otttee
1359 4488 1428 4545 eruit

302 4598 339 4636 un
354 4582 506 4647 deltllullu
521 4581 695 4635 d'lluuurius
710 4580 758 4647 lll,
774 4578 853 4633 1198.
871 4610 903 4619 -
920 4578 1030 4633 Lellreu
1051 4579 1087 4633 de
1108 4578 1246 4643 llunetetl.
1261 4576 1378 4649 Oedipus,
1398 4585 1428 4633 el

301 4670 336 4725 de
350 4670 440 4738 blileu,
454 4670 543 4740 dupen
558 4668 651 4737 (te-tt>
665 4686 672 4735 ;
685 4668 759 4722 dans
772 4684 804 4721 ee
819 4666 979 4733 cartulaire,
996 4666 1020 4721 lt
1034 4666 1068 4721 l'l
1082 4672 1109 4721 et
1124 4664 1181 4729 18).
1199 4684 1215 4717 o
