3420 5490
774 685 954 756 -191-

301 843 371 893 rum
410 843 521 913 regum
563 818 710 892 videlicet
749 823 957 904 Francorum,
990 841 1116 892 necnon
1149 832 1182 892 et
1218 813 1426 892 stabilitatem

300 934 403 1028 regni,
431 936 580 1006 addimus
611 957 663 1006 res
691 956 763 1026 qum
787 937 1043 1007 llarolomannus
1070 956 1123 1005 rer
1150 932 1255 1005 eidem
1281 933 1429 1006 ecclesim

299 1049 449 1120 reddidit.
467 1052 549 1119 Sunt
567 1061 673 1120 autern
695 1050 769 1122 lue:
790 1048 822 1119 in
843 1073 926 1140 pago
945 1047 1084 1120 Biturico
1104 1051 1179 1120 villa
1202 1071 1274 1140 quse
1296 1060 1429 1120 vocatur

301 1161 471 1245 Callemus,
489 1164 634 1234 etaltera
654 1186 726 1252 qum
740 1177 871 1234 vocatur
884 1166 1055 1233 darsianus
1073 1166 1107 1232 in
1121 1185 1203 1253 pago
1216 1161 1427 1245 Neucrnensi‚

298 1277 337 1345 ad
366 1277 505 1346 eundem
525 1273 699 1346 Caltesium
721 1276 887 1367 pertinens
912 1274 980 1347 sire
1001 1273 1199 1360 Pauliacum,
1230 1297 1303 1346 cum
1324 1272 1429 1346 onmi-

300 1390 361 1459 bus
396 1391 490 1479 longe
520 1390 650 1481 lateque
673 1402 728 1459 aut
747 1412 846 1482 prope
866 1388 980 1482 positis
1001 1387 1236 1481 pertinentibus
1255 1400 1289 1460 et
1307 1387 1426 1459 familia

299 1503 466 1593 utriusque
495 1524 620 1583 sexus:
648 1501 789 1594 inpage
825 1501 922 1574 eliam
955 1502 1099 1574 Blesiaco
1130 1502 1201 1572 uilla
1230 1524 1303 1592 quae
1336 1523 1429 1573 roca·

300 1630 351 1685 tur
381 1614 500 1698 curtis,
533 1640 629 1706 quam
670 1637 772 1708 nuper
802 1616 986 1708 saepedictae
1028 1613 1175 1688 ccclesiae
1209 1617 1281 1686 Odo
1317 1637 1429 1687 comes

297 1731 438 1800 reddidit
457 1752 532 1801 cum
570 1729 721 1800 omnibus
752 1731 793 1801 ad
824 1752 896 1802 earn
923 1727 1171 1821 pertinentibus,
1201 1726 1427 1801 consentiente

300 1846 432 1935 llugone
465 1845 681 1913 Francuormn
718 1845 800 1915 duce
831 1867 840 1925 ;
892 1840 1082 1915 benelicium
1128 1840 1226 1915 eliam
1264 1843 1425 1933 quoddam

299 1954 455 2028 Gauzlridi
502 1954 645 2041 comilis,
692 1959 778 2048 quod
828 1955 913 2029 idem
955 1961 1044 2050 llugo
1095 1959 1238 2035 llrnullo.
1280 1957 1427 2050 ejusdem

299 2071 447 2145 eeclesiae
487 2070 628 2164 presuli,
677 2071 902 2145 consentiente
939 2076 1053 2146 eodem
1093 2076 1285 2155 Gauzlredo.
1321 2071 1428 2143 reddi·

301 2186 358 2259 dit.
401 2191 590 2259 llemoratas
632 2185 729 2278 igilur
767 2190 880 2273 cellas,
914 2187 1109 2261 monasteria
1144 2203 1177 2261 et
1225 2187 1318 2261 villas
1350 2211 1424 2261 cum

300 2299 395 2372 nonis
417 2312 449 2373 et
480 2299 627 2384 decimis,
654 2323 735 2392 quas
754 2302 826 2393 ipsa
845 2301 982 2375 ecclesia
1003 2305 1043 2375 de
1063 2304 1219 2375 comitatu
1241 2304 1334 2375 etde
1355 2300 1428 2376 alris

300 2415 398 2501 villis,
419 2441 491 2510 uram
511 2415 543 2487 in
574 2415 731 2490 beneficio
750 2416 968 2502 continentur,
989 2417 1136 2511 accipere
1164 2415 1345 2504 consuerit,
1366 2441 1423 2491 seu

299 2532 464 2605 aliaseum
486 2535 584 2605 rebus
601 2530 752 2604 omnibus
780 2546 813 2605 et
838 2530 1006 2624 mancipiis
1037 2535 1076 2604 ad
1110 2555 1146 2605 se
1174 2532 1423 2625 pertinentibus,

299 2670 378 2738 «raras
397 2649 494 2718 modo
525 2661 557 2718 et
581 2660 657 2717 tunc
684 2649 756 2737 jure
792 2661 825 2718 et
850 2649 995 2738 legaliter
1024 2646 1092 2738 ipsa
1121 2650 1250 2719 tenebat
1269 2647 1423 2733 ecclesia,

299 2772 408 2829 anostra
428 2757 525 2848 regali
543 2770 701 2850 potestate
719 2783 776 2850 ner
794 2762 855 2829 lroc
871 2772 990 2829 nostrae
1010 2759 1213 2831 celsitudinis
1228 2774 1423 2852 precaeptum

299 2870 402 2941 eidem
427 2873 535 2942 denuo
554 2874 782 2942 confirmamus
802 2873 963 2955 ecclesiae,
994 2884 1028 2941 ut
1048 2875 1109 2942 lroc
1137 2886 1256 2943 nostrae
1287 2872 1425 2945 auctori-

301 2986 376 3054 tatis
395 2998 557 3076 praecepto
573 2989 724 3077 praelatus
743 2987 884 3077 pontilex
904 3000 936 3057 et
956 2985 1052 3056 lutnri
1071 2985 1253 3077 sanantem
1277 2985 1425 3060 ecclesiae

302 3097 470 3188 pontifices
509 3122 565 3189 per
598 3099 704 3171 omnia
738 3111 769 3170 et
801 3097 832 3169 in
870 3099 1021 3171 omnibus
1054 3124 1126 3190 qum
1157 3099 1220 3172 sini
1241 3099 1424 3173 neccssaria

301 3213 418 3282 luerint
442 3225 572 3283 utantur
601 3224 633 3283 et
654 3214 831 3283 delendam
861 3226 893 3283 et
920 3212 1054 3284 liberum
1086 3215 1198 3284 exinde
1225 3229 1257 3285 et
1289 3236 1326 3286 ex
1354 3212 1425 3285 aliis

302 3327 409 3410 rebus,
437 3349 509 3416 qum
539 3324 643 3395 eidem
673 3324 819 3397 ecclesiae
849 3347 866 3396 a
898 3326 1046 3397 fidelibus
1076 3325 1133 3397 Dei
1167 3329 1303 3398 conlatae
1333 3340 1422 3411 sunt,

302 3439 438 3508 habeant
471 3451 674 3528 notostatem.
719 3437 842 3509 Obtulit
872 3437 993 3510 interea
1022 3441 1197 3530 jamdictus
1232 3437 1425 3512 uenerabilis

302 3555 416 3643 pararant
436 3552 673 3624 Aurelianensis
692 3555 842 3624 ccclesiae
861 3552 1028 3625 obtutibus
1055 3552 1174 3625 nostris
1200 3552 1424 3626 auctoritatem

302 3664 512 3737 immunitatis
560 3669 835 3758 praedecessorum
881 3681 1065 3738 nostrorum
1116 3689 1228 3758 regum
1277 3664 1427 3740 videlicet

301 3793 395 3869 atque
433 3779 673 3870 imperatorum,
707 3777 738 3849 in
771 3803 833 3871 qua
868 3792 936 3850 crat
968 3779 1123 3852 insertum
1156 3782 1241 3872 quod
1280 3784 1426 3874 praelarus

301 3892 428 3983 gerritor
443 3907 552 3965 noster
567 3908 599 3965 et
619 3892 898 3966 nominatissimus
925 3917 1003 3965 arus
1023 3910 1133 3967 noster
1153 3896 1427 3987 praedecessores·

301 4031 363 4099 que
387 4032 497 4080 eorum
523 4032 616 4101 reges
655 4007 802 4081 uidelicet
832 4013 1063 4092 Plancianum,
1096 4008 1265 4081 ecclesiam
1300 4015 1426 4082 Sanctae

303 4123 425 4207 Crucis,
444 4121 495 4194 cui
516 4138 647 4195 auctore
676 4127 744 4194 lleo
772 4127 845 4213 inse
866 4124 1061 4194 venerabilis
1091 4123 1265 4214 episcopua
1296 4139 1425 4216 praeest,

302 4238 362 4304 sub
390 4258 449 4305 suo
486 4234 663 4307 munimine
694 4249 726 4307 et
756 4235 945 4307 detonsione
976 4234 1156 4308 consistere
1189 4236 1356 4322 fecissent,
1394 4250 1427 4309 et

301 4369 411 4419 eorum
433 4348 668 4420 immunitatum
689 4348 932 4421 auctoritatibus
961 4353 1117 4422 hactenus
1146 4352 1186 4420 alr
1205 4350 1426 4442 inquietudine

299 4461 475 4552 judiciariae
507 4464 674 4555 potestatis
710 4467 821 4536 eadem
854 4466 977 4536 munita
1015 4477 1111 4558 atque
1148 4467 1279 4537 detensa
1313 4463 1428 4537 luisset

302 4579 451 4649 ccclesia.
484 4581 533 4649 nn
565 4578 608 4651 rei
630 4594 735 4652 lamen
755 4578 939 4651 firmitatem
963 4577 1135 4671 postularit
1161 4602 1221 4650 nos
1252 4578 1426 4670 jamdictus

302 4691 491 4763 uenerabilis
511 4693 684 4786 episcopus
704 4709 738 4764 ut
758 4706 926 4786 paternum
953 4717 1074 4765 morem
1096 4706 1283 4785 soquentes.
1307 4707 1426 4765 nostrae
