3420 5490
760 701 800 715 ..
820 670 880 733 380
900 700 937 716 -

289 791 337 865 sie
356 817 414 865 sue
436 795 483 864 uel
497 793 576 863 alias
592 796 682 883 juxta
710 793 815 885 ipsius
838 791 978 864 ecclesie
1003 790 1257 862 consuetudines
1285 788 1411 883 integre

287 928 325 976 sc
344 906 414 976 sine
429 903 643 977 diminutione
671 908 778 998 aliqua
809 918 1048 988 convertantur,
1080 902 1124 974 ita
1152 906 1237 994 quot
1271 903 1414 994 predicta

287 1017 477 1090 constitutio
506 1020 545 1089 atl
570 1034 744 1110 preventus
775 1017 959 1110 hujusmodi
998 1019 1183 1087 nullatenus
1203 1019 1409 1101 extendatur,

288 1129 479 1201 discrecioni
494 1142 599 1199 vestre
613 1154 669 1220 per
687 1129 864 1220 apostolica
889 1131 1008 1219 scripta
1035 1130 1227 1197 mandamus
1246 1127 1413 1218 quatinus,

287 1241 555 1312 constitutionem
573 1253 605 1311 et
636 1240 935 1331 interpretationem
965 1239 1152 1329 hujusmodi
1178 1239 1285 1327 quoatl
1303 1239 1411 1330 ipsum

287 1354 458 1423 articulum
479 1364 512 1423 et
529 1353 570 1423 ad
590 1353 672 1423 alios
699 1354 921 1435 observantes,
942 1350 1039 1421 nichil
1063 1352 1106 1421 de
1136 1349 1233 1421 (lictis
1253 1349 1416 1443 proventi-

289 1469 349 1537 bus
368 1469 542 1537 occasione
563 1468 683 1557 prelato
702 1464 943 1537 constitutionis
963 1488 1020 1556 per
1039 1486 1097 1536 uus
1116 1466 1165 1535 vel
1198 1486 1255 1555 per
1272 1464 1355 1537 alios
1373 1468 1415 1537 alt

290 1582 453 1673 aliquibus
471 1581 619 1672 exigatis,
641 1596 685 1666 et,
707 1580 734 1652 si
754 1581 925 1673 recepistis
951 1579 1084 1671 aliquid,
1113 1580 1321 1653 restituentes
1342 1604 1415 1654 oru-

290 1696 380 1764 mino
400 1691 632 1784 promissiones
661 1708 692 1765 et
717 1693 885 1765 cautiones
906 1694 1068 1785 expositas
1091 1696 1132 1764 dc
1155 1694 1319 1765 soluendis
1334 1693 1417 1787 ipsis

293 1806 513 1897 proventibus,
535 1809 584 1876 vel
612 1805 885 1897 sequestrationes
907 1805 1042 1898 pecunie
1072 1805 1215 1897 ipsarum
1232 1808 1413 1899 prelteutla·

291 1943 361 1991 rum
383 1933 526 2013 pretextu
546 1933 677 2013 propter
697 1924 757 1992 lucc
771 1925 811 1992 ab
835 1918 995 2013 aliquibus
1010 1934 1086 1993 aute
1117 1919 1416 2011 interpretationem

292 2038 342 2106 tel
378 2050 451 2127 post
491 2038 601 2120 lactus,
647 2038 812 2107 remittere
840 2034 1011 2119 studeatis,
1045 2049 1076 2106 ct
1110 2033 1264 2126 quicquid
1289 2038 1331 2107 alt
1357 2060 1417 2109 eas

291 2162 462 2239 sequntum
481 2164 531 2221 est
546 2148 753 2221 decernimus
772 2172 836 2221 uou
857 2153 973 2221 ualere.
994 2154 1073 2221 Data
1093 2147 1252 2241 lugduni,
1273 2153 1339 2221 Vlll
1355 2152 1415 2223 lta·

290 2265 403 2333 leudes
422 2264 577 2339 octobris.
594 2260 799 2357 pontificatus
820 2260 920 2335 nostri
940 2285 1026 2334 auno
1045 2276 1147 2334 sesto.

761 2643 945 2706 cctrttxxv

707 2944 901 3023 Septembre
922 2941 1001 3005 ttts

296 3196 485 3267 Compositiun
500 3201 578 3251 entre
593 3196 619 3250 le
633 3196 758 3267 clrapitre
777 3201 804 3250 et
822 3195 848 3251 la
867 3195 956 3265 reine,
970 3194 1164 3265 representem
1177 3196 1204 3251 le
1218 3195 1271 3267 rui,
1287 3213 1323 3252 su
1337 3196 1414 3267 suist

331 3294 416 3347 ‹l'uns
432 3309 521 3364 ccupe
535 3293 570 3345 de
584 3293 661 3345 mille
675 3295 788 3361 erpenls
809 3290 844 3344 de
867 3290 928 3346 bois
946 3291 1055 3346 sendus
1069 3290 1148 3346 mllle
1162 3291 1245 3347 liures
1258 3292 1359 3363 parisis
1378 3308 1416 3349 au

333 3388 374 3442 roi
388 3389 462 3443 dans
480 3389 521 3442 les
539 3387 600 3442 bois
615 3387 649 3441 te
662 3387 797 3455 l'ratnou,
812 3387 861 3457 qul
877 3385 972 3440 n’ltait
985 3401 1034 3458 pas
1061 3384 1243 3443 debarrsssee
1267 3402 1303 3443 su
1327 3393 1417 3444 terme

327 3483 391 3537 tiss.

542 3601 630 3672 (orig.
646 3617 670 3655 s.
686 3600 780 3669 perch.
794 3600 879 3655 Arclr.
894 3600 958 3659 Nat.
974 3600 999 3656 l.
1014 3598 1089 3655 170:
1110 3599 1167 3671 tt.)

337 3833 498 3905 Universis
525 3849 693 3924 presentes
724 3833 844 3906 litteras
873 3832 1067 3924 inspecturis
1086 3835 1245 3903 llauasses
1273 3834 1417 3903 decanus

296 3963 463 4040 tutumque
483 3948 657 4041 capitulum
678 3948 920 4033 Aurelianense,
934 3951 1069 4019 salutem
1091 3945 1123 4018 in
1143 3950 1294 4018 llominu.
1315 3950 1417 4019 llore-

292 4062 355 4134 rint
387 4064 526 4135 uniuersi
559 4068 646 4153 quod
670 4088 744 4135 eum
774 4087 834 4134 uos
866 4061 1122 4133 vendidissemus
1144 4058 1417 4133 excellentissimo

292 4175 424 4248 ‹lomino
445 4192 557 4248 nostro
581 4180 754 4258 iuuenco,
775 4178 833 4248 llei
850 4176 955 4268 gracia
980 4176 1047 4267 regi
1072 4178 1264 4245 Francorum
1283 4172 1416 4257 illustri,

294 4290 381 4362 mille
400 4306 532 4383 arpenta
552 4293 695 4362 nemoris
714 4305 949 4383 superterram
970 4292 1011 4360 tle
1033 4286 1219 4359 nemoribus
1237 4288 1358 4359 uostris
1375 4290 1418 4361 de

288 4408 426 4496 Trigauo
445 4405 553 4497 precio
574 4405 660 4476 mille
681 4404 833 4475 librarum
854 4402 1092 4496 parisiensium,
1108 4415 1140 4472 et
1159 4400 1281 4473 dictum
1301 4424 1418 4475 nemus

290 4518 456 4589 debuisset
472 4533 572 4589 totum
590 4518 758 4588 deliberari
781 4517 860 4588 inim
880 4520 993 4588 elecem
1008 4537 1125 4598 sunus,
1139 4529 1232 4607 prout
1250 4514 1283 4584 iu
1303 4512 1419 4587 litteris

290 4630 414 4700 domini
435 4630 520 4719 rogis
535 4630 661 4722 plenius
674 4631 856 4700 continetur
870 4655 880 4713 ;
901 4627 974 4720 quia
990 4628 1111 4697 uictum
1127 4649 1243 4697 nemus
1262 4648 1330 4697 nou
1348 4643 1419 4700 erut
