3420 5490
763 589 942 654 -133-
1035 672 1037 677 ,

288 746 362 794 cum
392 720 544 793 omnibus
574 716 769 810 appenditiis
798 716 879 800 suis,
912 716 1097 807 reliquerat,
1119 740 1176 808 pro
1195 717 1419 809 redemptione

288 834 395 906 anime
425 835 571 924 ejusdem
599 830 747 903 avunculi
764 829 826 901 mei
862 843 894 902 et
932 830 1042 901 matris
1062 853 1120 901 sue
1144 842 1177 902 ct
1207 852 1293 914 mee,
1325 845 1358 903 et
1384 845 1419 902 nt

290 951 446 1020 domnum
467 947 641 1018 Gerardum
662 968 832 1016 monacum
848 942 968 1015 iaciant
992 947 1151 1026 concedo,
1165 958 1198 1015 ct
1217 947 1418 1017 concedente

289 1064 410 1134 domno
430 1058 612 1152 lllainerio]
631 1059 848 1132 Aurelianensi
861 1060 1028 1151 episcopo,
1055 1063 1149 1150 cujus
1163 1059 1332 1150 largitione
1347 1083 1419 1151 pre·

293 1179 391 1246 latum
406 1173 597 1247 beneficium
607 1177 777 1259 habebam,
787 1174 968 1264 ceterisque
979 1173 1327 1265 parentibusetamicis
1338 1176 1419 1246 meis

292 1290 561 1372 concedentibus,
586 1287 671 1359 sicut
697 1286 867 1379 petierant,
889 1287 1170 1359 voluntatieorum
1196 1288 1359 1374 concessi,
1379 1310 1419 1359 eo

294 1417 386 1495 pacto
404 1415 451 1486 ut,
472 1423 667 1493 unoquoque
680 1424 764 1471 anno
785 1398 817 1469 in
838 1398 1009 1472 testivitate
1027 1412 1139 1473 sancte
1161 1398 1273 1472 Crucis
1292 1424 1354 1493 que
1369 1413 1421 1473 est

293 1516 325 1589 in
346 1516 444 1600 maio,
463 1514 576 1608 prelati
596 1513 781 1586 monasterii
798 1513 945 1585 monachi
965 1513 1118 1606 episcopo
1138 1518 1212 1607 (ric)
1229 1514 1419 1607 (ecclcsicA)

294 1637 411 1703 Sancte
425 1629 537 1700 Crucis
553 1628 664 1699 libram
695 1650 791 1697 unam
817 1649 890 1699 cere
906 1650 963 1720 pro
984 1627 1204 1720 recognitione
1230 1631 1419 1717 exsolvant;

294 1748 380 1837 qnod
406 1744 432 1816 si
453 1744 485 1815 in
506 1747 627 1836 prelata
653 1766 726 1816 cera
740 1745 904 1816 reddenda
924 1743 1005 1815 tardi
1021 1743 1193 1830 extiterint,
1211 1749 1418 1838 postmodum

295 1862 429 1934 reddant
453 1873 486 1932 et
501 1883 568 1931 rem
581 1878 674 1930 suam
702 1881 765 1929 oon
783 1860 930 1950 perdant.
954 1861 1018 1931 llec
1031 1881 1106 1931 uero
1125 1862 1246 1931 cartula
1262 1859 1348 1931 nteit
1370 1863 1421 1932 Ar·

296 1974 378 2047 mior
390 1998 486 2046 manu
501 1973 626 2066 propria
641 1975 885 2045 subterfirmavi.

339 2094 373 2158 S.
407 2087 542 2159 llainerii
582 2085 818 2158 Aurelianensis
855 2084 1013 2177 episcopi.
1054 2091 1088 2155 S.
1122 2084 1254 2179 llelgodi
1291 2088 1418 2158 decani.

295 2206 330 2272 S.
352 2201 494 2292 liugoois
513 2199 723 2291 precentoris.
755 2204 788 2270 S.
810 2197 994 2271 Renelronis
1014 2197 1203 2270 subdecani.
1226 2205 1261 2271 S.
1282 2199 1414 2271 Alauritii

298 2313 527 2387 archidiaconi.

340 2434 457 2502 llatum
474 2428 651 2502 Aurelianis
667 2429 807 2522 publice,
821 2452 906 2501 anno
922 2426 1057 2522 Philippi
1071 2428 1157 2520 regis
1177 2434 1240 2501 XX.

341 2550 375 2617 S.
392 2545 516 2618 Odonis
534 2542 731 2617 cancellarii.

806 2806 909 2867 vatt

669 3027 820 3100 Orle'ans,
837 3025 957 3092 Adurier
974 3029 1050 3092 1092

296 3259 374 3325 lero,
385 3258 495 3328 direque
509 3256 667 3325 u'0rteans,
683 3255 830 3310 abranobit
845 3256 1061 3313 saint-Laurent
1074 3256 1109 3310 da
1124 3257 1150 3312 la
1166 3256 1339 3312 nominatior
1355 3257 1423 3312 d'un

333 3353 432 3407 ricaire
447 3357 473 3406 ct
487 3352 623 3406 conssrmc
642 3367 693 3406 son
709 3351 857 3406 immunito
872 3351 935 3405 saul
956 3349 997 3406 los
1022 3351 1110 3406 droits
1132 3349 1166 3405 da
1190 3351 1381 3407 Salute-Croix
1396 3356 1424 3406 et

332 3446 373 3502 les
385 3447 461 3501 siens
475 3465 491 3518 p
505 3446 633 3517 stipulds.

299 3592 369 3663 (bib.
386 3595 446 3649 Nat.
464 3609 515 3647 ms.
532 3594 578 3648 lat.
596 3591 699 3648 12739:
726 3592 749 3645 l⁰
768 3591 831 3647 ⁴33.
853 3591 939 3664 Copie
954 3590 989 3646 de
1004 3594 1036 3647 D.
1055 3591 1219 3648 Estionnol:
1237 3609 1250 3646 r
1265 3592 1311 3649 Ex
1324 3597 1422 3648 carler-

477 3688 549 3744 lorio
565 3688 596 3744 S.
611 3687 711 3745 Crucis
726 3686 950 3743 Aurelianensis
964 3694 991 3743 et
1006 3687 1208 3744 cluniacensis
1226 3689 1261 3759 r).

297 3830 377 3897 (Pub.
394 3827 512 3885 Recueil
524 3829 574 3885 des
589 3829 709 3885 Clrcrlcr
727 3828 762 3884 de
782 3828 910 3900 l'nbbupc
931 3827 965 3883 de
984 3830 1089 3902 Clunp,
1113 3829 1297 3900 (Documenta
1312 3830 1423 3903 ina'dr'tr)

766 3931 786 3981 t.
802 3927 836 3993 v,
852 3941 880 3996 p.
895 3925 953 3994 10.)

342 4139 407 4225 Ego
426 4138 578 4220 loannes,
607 4133 663 4205 Dei
684 4135 783 4225 gratia
811 4135 1052 4206 Aurelianorum
1079 4135 1210 4206 bumilis
1235 4137 1423 4229 episcopus,

300 4260 409 4317 notum
431 4244 497 4317 Acri
513 4247 661 4316 volumus
680 4245 807 4316 cunctis
827 4244 977 4315 Auctibus
990 4248 1075 4335 quod
1095 4249 1137 4316 ob
1155 4269 1296 4318 amorem
1315 4245 1372 4317 Dei
1392 4261 1424 4316 et

301 4363 454 4430 bonorem
475 4360 567 4428 beate
589 4357 645 4428 Dei
664 4356 830 4447 genitricis
858 4357 951 4428 llarie
971 4370 1003 4428 et
1024 4357 1126 4428 sancti
1148 4357 1307 4429 Larrrentii
1329 4361 1423 4430 lecito

301 4485 331 4542 et
347 4468 506 4561 martyris,
543 4469 688 4561 petitioni
720 4473 953 4542 monaclrorom
982 4486 1095 4542 sancte
1115 4469 1208 4542 llarie
1226 4472 1267 4542 de
1287 4471 1425 4545 ilaritate

301 4598 333 4655 et
351 4587 431 4657 celle
447 4583 548 4655 sancti
568 4583 726 4655 Laurentii
747 4606 811 4676 que
823 4585 969 4674 cstjurta
985 4582 1190 4656 Aurelianum
1201 4583 1423 4669 consentiens,
