3420 5490
767 744 804 757 -
827 711 885 775 lllll

293 849 412 918 tamus,
433 835 567 906 retentis
586 850 691 907 tamen
713 835 807 907 nobis
834 851 865 908 et
890 840 1138 910 successoribus
1178 841 1293 912 docem
1333 838 1424 911 libris

293 946 520 1038 parisiensium
550 971 656 1020 annue
683 948 849 1040 pensionis
884 973 901 1020 a
941 949 1038 1022 dictis
1067 954 1190 1023 decano
1219 965 1252 1024 et
1281 951 1423 1044 capitulo

290 1060 384 1132 uoltis
398 1075 430 1132 et
450 1061 694 1133 successoribus
710 1061 829 1134 nostris
847 1061 941 1134 annis
955 1062 1091 1154 singulis
1110 1063 1276 1137 soluendis
1294 1066 1423 1137 duobus

291 1174 450 1258 terminis,
473 1174 620 1248 videlicet
640 1176 812 1248 medietate
832 1175 918 1248 dicte
938 1179 1077 1269 pecunie
1095 1201 1127 1248 ru
1148 1177 1274 1250 octabis
1305 1177 1417 1249 l‘urill·

290 1287 426 1360 cationis
440 1292 532 1362 lrcate
552 1289 645 1361 llarie
660 1288 805 1382 uirginis,
826 1303 859 1361 et
871 1289 930 1362 alia
948 1289 1119 1364 medietate
1143 1290 1175 1364 itr
1195 1293 1321 1364 octabis
1340 1295 1422 1365 l‘co-

291 1406 449 1475 tlrecoste.
473 1408 550 1476 ltem
572 1403 694 1476 eisdem
719 1408 757 1475 ad
778 1429 860 1496 opus
879 1403 965 1477 dicte
991 1405 1112 1478 labricc
1137 1403 1278 1479 ecclesie
1303 1429 1421 1480 concc-

290 1520 398 1588 dimns
426 1531 459 1587 ut
488 1517 519 1587 in
548 1519 735 1590 nemoribus
770 1518 977 1610 episcopatus
1023 1520 1262 1592 Aurelianensis
1296 1518 1422 1612 possint

291 1636 373 1722 ligna
396 1630 543 1702 scindere
563 1645 595 1702 et
615 1635 749 1703 dellerrc
766 1635 805 1704 ad
827 1631 988 1704 iaciendas
1007 1632 1173 1705 machinas
1197 1647 1230 1704 ct
1253 1635 1314 1704 alia
1335 1633 1421 1704 dicto

290 1744 377 1836 operi
395 1744 589 1830 necessaria,
608 1769 671 1836 que
687 1748 727 1816 dc
742 1744 838 1836 lignis
858 1745 889 1815 iu
921 1746 1038 1817 talibus
1067 1746 1134 1818 lieri
1165 1761 1418 1832 consueverunt,

291 1857 423 1928 illustris
444 1872 549 1929 tamen
572 1859 657 1949 regis
684 1859 815 1930 Francie
845 1883 1008 1931 consensu
1028 1882 1127 1952 super
1144 1864 1205 1932 ltoc
1224 1863 1415 1933 accedente.

292 1975 368 2042 ltem
384 1971 506 2042 eisdem
523 1971 732 2042 concedimus
747 1986 780 2042 ut
800 1971 831 2041 in
847 1972 1030 2063 lapidicinis
1050 1973 1218 2045 nostriset
1248 1973 1280 2044 iu
1314 1977 1421 2046 leodis

292 2083 410 2155 nostris
430 2084 521 2155 lactis
539 2099 570 2157 et
597 2084 749 2156 laciendis
771 2086 896 2177 possint
915 2085 1038 2178 lapides
1057 2090 1225 2159 extrahere
1240 2101 1272 2159 et
1292 2089 1420 2160 deterre

292 2201 331 2268 dc
343 2221 479 2268 assensu
495 2221 605 2268 eornm
620 2222 756 2288 quorum
778 2203 907 2271 luerunt
929 2199 1102 2290 lapidicinc
1121 2201 1263 2292 predicte
1278 2203 1317 2270 ad
1338 2223 1420 2291 opus

291 2314 410 2383 lalrriee
431 2327 617 2383 memorate.
640 2316 795 2384 Volumus
815 2312 910 2384 etiarn
933 2327 967 2383 ut
985 2315 1025 2384 ad
1042 2313 1279 2406 amplaciouem
1301 2313 1420 2386 labricc

292 2427 433 2518 predicte
450 2426 573 2518 possint
589 2451 749 2519 occupare
769 2431 809 2499 dc
825 2431 926 2520 platea
941 2451 999 2501 scu
1015 2452 1088 2501 arca
1103 2431 1273 2502 domorum
1290 2444 1419 2502 nostra·

291 2569 358 2613 nrnr
379 2542 609 2635 episcopalium
627 2545 1071 2638 llurelituensiuutqnantum
1089 2544 1307 2618 accessorium
1323 2547 1420 2618 luerit

291 2660 409 2730 lalrrice
434 2659 591 2749 prodiere,
631 2674 754 2731 retcnta
786 2674 893 2731 tamcn
925 2660 1019 2731 nolris
1056 2659 1188 2733 materia
1231 2663 1417 2733 earumdem

290 2776 469 2842 domorum.
493 2777 523 2843 ln
543 2776 635 2863 cujus
661 2777 706 2844 rei
728 2775 949 2846 testimonium
969 2791 1136 2867 presentes
1169 2773 1291 2847 litteras
1322 2773 1419 2847 dictis

289 2889 411 2955 ‹lecano
431 2899 463 2956 et
477 2887 617 2977 capitulo
636 2889 784 2957 dedimus
805 2886 902 2977 sigilli
925 2887 1025 2959 nostri
1044 2886 1222 2959 munimine
1236 2890 1415 2959 roboratas.

289 3003 403 3067 ilatum
424 3002 508 3090 apud
524 3005 676 3070 Sanctum
703 3001 826 3090 lgilum
842 3002 973 3070 domum
996 3015 1153 3083 nostram,
1174 3023 1259 3071 anno
1287 2998 1415 3071 Domini

289 3116 465 3183 millesimo
485 3117 534 3183 CC
553 3113 791 3204 septuagesimo
806 3128 932 3199 octauo,
949 3113 1002 3185 dic
1022 3113 1148 3185 ueneris
1168 3112 1200 3183 in
1218 3117 1300 3185 testo
1324 3119 1418 3186 beate

290 3227 587 3317 llarieliagdnlene.

771 3541 921 3603 CCCXLll

729 3814 766 3876 ll
791 3815 869 3876 aotit
893 3813 972 3878 tutti

287 4039 376 4093 Vente
390 4055 425 4092 au
439 4036 564 4109 etrapitrc
580 4054 631 4109 par
644 4037 714 4092 leun
738 4037 773 4092 ds
792 4035 968 4093 Saudrsrills
991 4036 1027 4091 de
1048 4038 1141 4090 toules
1159 4050 1206 4091 scs
1228 4033 1415 4105 possessionis,

323 4140 422 4189 tenues
446 4135 480 4189 de
508 4135 534 4188 la
563 4133 671 4188 maison
704 4132 743 4188 du
775 4131 987 4203 ldesnilgirsud‚
1019 4131 1090 4187 sistts
1119 4146 1155 4187 stt
1187 4131 1215 4188 ls
1246 4128 1414 4188 ohltsllcnic

324 4231 491 4302 d'lltampes‚
508 4246 581 4302 pour
594 4230 630 4285 do
645 4229 729 4284 liores
744 4228 857 4299 parisis.

501 4378 587 4448 (Orig.
606 4392 657 4432 sur
671 4376 767 4446 parclr.
789 4375 873 4431 Arch.
896 4374 935 4431 du
950 4373 1054 4445 loiret,
1070 4373 1105 4430 (t.
1125 4372 1201 4446 350).

335 4596 494 4669 Universis
515 4607 680 4687 presentes
697 4592 819 4665 litteras
838 4590 1034 4685 inspecturis
1048 4590 1195 4663 olflcialis
1210 4590 1300 4664 curie
1321 4595 1418 4667 lurc-

289 4711 444 4782 liancnsis
465 4712 601 4782 salutem
618 4709 649 4779 in
667 4711 817 4780 Domino.
839 4711 953 4779 Notum
974 4705 1107 4778 tacimus
1131 4706 1218 4798 qood
1246 4706 1284 4776 in
1308 4719 1417 4780 nostra
