3420 5490
758 1069 910 1129 LXXXlV

802 1363 882 1428 ttae

275 1617 364 1673 lldaru
379 1618 479 1688 Iseon,
494 1617 591 1690 prerot
603 1621 629 1672 et
644 1599 785 1673 cbauoino
802 1616 837 1674 ds
858 1617 1061 1686 Saints·Groir‚
1084 1617 1179 1675 donne
1202 1635 1241 1676 un
1255 1625 1356 1695 arpent
1369 1620 1404 1679 rle

312 1713 392 1782 vigne
406 1711 441 1768 de
454 1728 485 1768 aa
497 1711 639 1784 prebende
654 1712 669 1766 l
684 1711 725 1767 sir
740 1711 821 1768 botes
840 1729 943 1785 penny
960 1713 1116 1770 construire
1131 1712 1208 1771 leurs
1227 1715 1405 1786 habitatione,

313 1813 479 1880 mopennant
492 1809 512 1862 2
525 1825 591 1864 sons
607 1809 641 1863 rto
655 1825 722 1863 cens
738 1808 842 1864 annual
857 1807 976 1865 chacun.

508 1954 596 2026 (Orig.
612 1972 636 2009 s.
653 1953 750 2026 parclr.
765 1954 850 2010 Arclr.
867 1953 905 2010 du
921 1954 1026 2026 loiret,
1047 1956 1081 2012 G.
1097 1954 1173 2024 288).

324 2174 429 2253 anm
456 2190 493 2239 er
512 2166 673 2239 oblivione
700 2191 931 2258 nonnunquam
952 2168 1094 2240 nascitur
1113 2167 1289 2253 dissensio,
1322 2168 1405 2239 labi-

279 2285 341 2353 lem
361 2278 527 2350 bominum
548 2281 736 2351 memoriam
757 2279 855 2352 vivaci
885 2279 1062 2352 litterarum
1093 2281 1281 2353 testimonio
1301 2278 1404 2353 lnleiri

279 2418 471 2486 omnemque
503 2393 717 2467 rlissensionis
750 2396 954 2468 occasionem
984 2397 1141 2489 amputari
1176 2408 1314 2489 oportet.
1347 2399 1405 2468 Ea·

280 2524 408 2601 propter
423 2533 484 2599 ego
505 2514 607 2599 llugo,
625 2514 742 2581 Sancte
758 2509 869 2581 Crucis
884 2512 1041 2595 decanus,
1055 2523 1222 2601 totumque
1260 2513 1404 2602 ejusdem

281 2622 418 2696 ecclesie
437 2624 616 2714 capitnlnm
637 2622 835 2715 presentium
857 2636 889 2695 et
910 2627 1087 2696 lutnrornm
1110 2623 1250 2715 presenti
1285 2626 1406 2716 scripto

280 2736 397 2807 noticia
415 2733 663 2805 transmittimus
683 2738 768 2825 qnorl
792 2738 889 2805 llrlam
912 2740 1028 2821 llreon,
1050 2735 1233 2828 prepositos
1252 2750 1285 2808 et
1309 2760 1406 2808 eano-

279 2851 371 2920 niens
404 2862 525 2933 noster,
564 2861 732 2940 arpentum
767 2848 857 2918 vinee
893 2852 978 2938 qrrorl
1009 2852 1047 2919 arl
1083 2852 1277 2939 prebendam
1313 2873 1405 2920 suam

278 2965 443 3054 spectabat
462 2960 599 3032 consilio
612 2976 643 3031 et
663 2985 800 3032 assensn
822 2976 935 3033 nostro
954 2964 994 3033 ad
1014 2962 1140 3034 edilicia
1168 2978 1200 3035 et
1222 2965 1403 3036 babitaenla

280 3101 335 3148 sna
363 3079 580 3148 construenda
604 3099 658 3146 ser
678 3073 858 3167 hospitibus
874 3078 1049 3164 concessit,
1073 3078 1115 3147 ita
1139 3080 1225 3168 quod
1247 3077 1341 3150 liceat
1357 3077 1423 3150 eis·

281 3207 314 3264 et
332 3190 506 3263 lrereslibus
526 3194 597 3261 suis
612 3194 701 3273 dare,
717 3192 871 3275 rendere,
903 3192 959 3261 tali
979 3190 1164 3263 conditione
1181 3193 1267 3282 qnod
1287 3193 1405 3284 singuli

281 3302 417 3394 singulis
444 3301 538 3373 annis
570 3305 594 3372 ll
627 3302 749 3373 solnlos
768 3324 888 3373 census
915 3300 947 3371 in
979 3305 1062 3374 sesto
1092 3315 1203 3376 sancte
1228 3303 1340 3375 Crucis
1372 3305 1405 3376 in

282 3417 364 3488 maio
393 3418 588 3507 persolvant,
616 3413 828 3487 relevationes
847 3415 943 3487 etiarn
976 3414 1268 3508 quotienscumque
1287 3440 1406 3491 evene·

281 3530 354 3600 rint.
376 3525 542 3599 Justieiam
574 3541 607 3598 et
625 3526 704 3597 alias
732 3527 986 3599 consuetudines
1017 3550 1080 3619 qne
1104 3529 1242 3601 interra
1269 3528 1406 3601 aliorum

282 3642 508 3713 canonicorum
538 3645 655 3711 Sancto
675 3638 786 3710 Crucis
820 3662 894 3711 esse
923 3654 1101 3712 noscuntur
1120 3642 1284 3730 predictos
1307 3644 1406 3714 Adam

282 3755 313 3824 in
333 3758 445 3826 eadem
467 3769 548 3825 terra
581 3752 724 3823 babebit.
747 3755 838 3836 Quod
869 3767 903 3822 ut
929 3765 1031 3823 ratum
1062 3757 1254 3848 lirmnmque
1282 3779 1408 3847 perma-

283 3881 355 3939 neat
375 3867 469 3959 sigilli
492 3869 592 3937 nostri
610 3865 802 3938 anctoritste
822 3867 958 3938 lecimus
977 3866 1133 3939 roborari.
1156 3868 1364 3941 tristantibus
1375 3869 1407 3941 in

282 3981 417 4056 ecclesia
440 3994 549 4054 nostra
576 3979 752 4071 majoribus
775 3981 922 4073 personis
954 3985 1086 4074 lingone
1116 3984 1254 4069 tleeauo,
1284 3986 1408 4058 Andrea

284 4111 426 4181 cantore,
440 4098 570 4169 Lelolrlo
584 4097 784 4180 subdecano,
801 4099 944 4169 llanassc
958 4095 1251 4188 capicerio.lletnm
1268 4096 1298 4168 in
1317 4099 1408 4190 capi·

285 4216 350 4283 tulo
365 4225 489 4293 nostro,
510 4233 594 4280 anno
614 4211 653 4278 ab
674 4207 894 4279 incarnatione
915 4209 1041 4279 bomini
1063 4215 1100 4279 n·
1120 4217 1155 4276 tl·
1180 4216 1264 4280 ttx·
1291 4214 1355 4283 llll.
