3420 5490
749 771 785 782 -
810 735 924 799 223·-

274 864 314 933 de
330 863 492 932 uoluntate
508 873 615 932 nostra
635 860 754 952 pariter
772 874 804 932 et
823 883 973 944 assensu,
995 861 1166 934 ecclesiam
1183 864 1223 935 de
1243 863 1400 950 loberiis,

274 998 336 1065 que
348 973 428 1045 iulra
441 996 603 1045 murorum
616 974 770 1044 ambitum
783 973 843 1043 sita
857 986 921 1044 tarn
935 972 1154 1064 parrochianis
1169 976 1320 1048 omnibus
1332 1000 1400 1069 gra·

276 1085 322 1157 ris
341 1086 477 1157 existere
498 1088 704 1168 noscebatur,
726 1110 819 1175 quarn
837 1085 998 1157 sacerdoti
1015 1089 1150 1159 introire
1165 1090 1283 1159 uolenti
1299 1091 1404 1160 omui-

274 1199 378 1269 modis
399 1197 581 1288 importuna
601 1197 754 1268 inlocum
773 1196 870 1268 alium
891 1210 977 1268 extra
998 1221 1109 1269 muros
1131 1198 1285 1271 uidelicet
1298 1213 1403 1272 trans·

276 1309 400 1395 tulisse,
416 1308 468 1379 ubi
483 1309 640 1400 presbiter
653 1322 685 1380 et
695 1308 897 1402 parrochiani
912 1312 1049 1382 liberum
1064 1313 1204 1383 habeant
1218 1311 1401 1401 introitum,

274 1437 307 1496 et
324 1447 492 1496 accessum
507 1437 539 1495 et
556 1425 627 1514 jura
645 1422 854 1516 parroclrialia
871 1423 961 1496 laeile
986 1427 1112 1497 valeant
1143 1423 1290 1519 adipisci.
1314 1430 1399 1498 Con·
1432 1522 1435 1526 ι

275 1561 403 1610 cessum
424 1553 531 1610 autern
549 1537 606 1607 tuit
625 1537 729 1609 eidem
752 1537 889 1609 Galterio
905 1551 939 1608 ut
958 1537 1093 1630 primam
1109 1550 1233 1632 partem
1261 1541 1401 1614 ecclesie

276 1652 390 1725 ueteris
410 1652 471 1725 sibi
488 1656 626 1725 retineat
645 1651 676 1722 in
695 1655 850 1744 capellam
870 1666 1059 1745 partemque
1076 1652 1137 1725 sibi
1161 1651 1289 1728 diruere
1308 1654 1403 1728 liceat

274 1772 418 1854 alteram,
433 1794 503 1843 eam
519 1783 624 1841 tumen
638 1793 655 1841 a
671 1768 763 1841 laicis
781 1769 957 1842 immunem
974 1769 1086 1843 usibus
1106 1794 1180 1842 cum
1200 1769 1288 1842 omni
1308 1795 1401 1843 mnn-

275 1884 355 1957 dicia
382 1898 558 1958 servaturo.
592 1884 751 1977 Quicquid
775 1898 881 1957 autern
913 1884 1144 1957 obventionum
1178 1886 1345 1978 proveniet
1365 1889 1397 1959 in

275 2003 393 2091 capella
414 2023 543 2093 semper
561 2002 601 2071 ad
628 2001 843 2091 presbiterum
864 1998 1000 2088 [majoris
1030 1998 1168 2071 ecclesie
1200 2003 1398 2092 derolretur.

278 2114 392 2182 Verum
416 2134 455 2182 ne
485 2136 540 2202 per
555 2109 796 2182 translationem
826 2108 965 2181 ecclesie
996 2109 1224 2181 detrimentum
1258 2109 1398 2183 incurrat

277 2225 427 2294 sacerdos
456 2223 590 2314 aliquid,
609 2222 713 2292 dictus
741 2220 897 2292 Galterius
927 2223 1010 2291 duos
1036 2221 1111 2292 boni
1151 2222 1328 2314 hibernagii
1359 2226 1400 2293 ad

277 2359 456 2407 mensuram
480 2334 682 2406 belrcriarum
704 2334 830 2405 nrorlius
849 2335 943 2405 annis
963 2332 1191 2425 percipiendos
1212 2333 1348 2427 singuiis
1368 2350 1401 2408 et

279 2471 375 2518 ιιιιιιιιι
396 2447 537 2518 modium
552 2446 615 2520 virui
634 2447 768 2540 legitimi
789 2447 820 2518 in
842 2449 933 2519 vinea
954 2470 1012 2518 sua
1032 2450 1072 2520 tle
1092 2446 1235 2520 leberiis
1250 2451 1289 2519 arl
1311 2473 1400 2522 men·

275 2585 381 2633 suram
410 2564 556 2654 ejusdem
595 2563 655 2634 loci
676 2564 859 2634 babendum
892 2560 1042 2633 similiter
1060 2562 1225 2633 aunuatim
1254 2576 1286 2634 et
1304 2562 1398 2636 annis

274 2674 408 2767 singulis
427 2675 458 2745 iu
483 2678 565 2747 lesto
585 2679 689 2747 sancti
711 2675 936 2767 percipiendos
957 2673 1090 2764 Remigii
1125 2674 1187 2767 ipsi
1219 2676 1398 2769 presbitero

273 2787 405 2879 suisque
424 2788 670 2860 successoribus
690 2789 721 2858 in
738 2788 947 2861 elemosinam
973 2787 1109 2860 contulit
1129 2802 1285 2882 perpetuo
1297 2791 1401 2882 possi·

272 2904 406 2974 dendus.
425 2902 547 2975 Nobilis
565 2915 672 2975 autern
693 2901 808 2975 mulier
827 2926 905 2974 uror
919 2904 1002 2993 ejus,
1018 2906 1153 2994 l‘ersoys
1170 2903 1313 2989 nomine,
1329 2927 1399 2977 reru

272 3014 363 3088 istam
385 3016 483 3089 uoluit
496 3030 528 3088 et
546 3016 722 3102 concessit,
740 3030 773 3089 et
787 3015 927 3111 idipsum
959 3019 1096 3089 beredes
1113 3015 1215 3110 ipsius
1243 3017 1400 3092 Galterius

273 3144 305 3203 et
338 3131 451 3219 (luido,
483 3146 515 3204 et
535 3131 677 3224 ipsorum
707 3156 822 3205 urmes
851 3131 977 3204 seilicet
1006 3131 1168 3224 llargarita
1202 3145 1235 3205 et
1265 3136 1398 3206 lsabella

274 3249 441 3318 uoluerunt
459 3259 491 3316 et
504 3269 674 3318 assensum
687 3245 881 3318 unanimiter
901 3245 1120 3338 prestiterunt.
1137 3250 1230 3334 Quod
1245 3260 1279 3317 nt
1294 3261 1398 3319 ratum

274 3373 419 3432 teneatur
438 3372 469 3432 et
491 3373 602 3432 uotum
619 3373 804 3452 permaneat
821 3363 862 3431 au
883 3383 996 3452 preces
1023 3362 1127 3454 ipsius
1156 3359 1253 3453 sigilli
1292 3362 1395 3439 nostri

274 3477 439 3547 laractere
474 3473 608 3547 lecimus
639 3475 795 3548 roborari.
828 3479 940 3547 letum
975 3475 1166 3560 Aurelianis,
1187 3474 1219 3546 in
1250 3477 1397 3568 capitulo

275 3604 397 3674 nostro,
419 3612 504 3660 anno
523 3590 624 3682 gratie
645 3594 682 3659 ll·
700 3592 760 3661 CC·
778 3588 891 3674 tercio,
907 3613 1020 3661 mense
1040 3591 1239 3661 novembris.
