3420 5490
760 622 940 685 —llld-

289 762 393 829 netur,
411 769 449 817 ac
470 747 668 817 uenerabiles
684 748 740 815 viri
756 747 930 837 captituluru
955 752 1101 839 ejusdcm
1115 750 1254 819 ecclesie
1269 750 1424 821 durelin-

290 862 414 946 nensis,
446 859 477 930 io
506 875 661 951 querutum
694 883 751 930 eos
780 864 942 951 tangebat,
972 860 1177 954 appellationi
1210 860 1423 933 adhesissem

288 976 405 1057 eidem,
427 987 521 1067 prout
540 975 571 1043 in
592 972 804 1066 appellatione
824 973 1007 1046 continetur
1028 974 1182 1067 predicta,
1204 990 1237 1047 et
1256 978 1421 1069 prelatum

288 1087 475 1181 capitulum,
497 1111 605 1158 euram
626 1087 697 1179 ipso
717 1093 892 1159 reverendo
907 1104 1009 1180 putre,
1025 1094 1420 1181 conquererenturqnoad

289 1225 422 1291 presens
442 1203 529 1271 etde
545 1200 615 1290 ipso
633 1201 799 1291 episeopo,
819 1225 879 1291 pro
898 1206 983 1291 quod
1010 1202 1095 1272 idem
1113 1204 1308 1273 reuerendus
1328 1214 1421 1293 pater

288 1318 337 1385 vel
357 1326 471 1404 gentes
490 1313 594 1405 ipsius
617 1313 778 1402 ligidium,
808 1326 965 1384 rectorem
996 1318 1036 1385 de
1061 1313 1246 1405 floigniaco,
1274 1315 1420 1384 burelia-

290 1426 400 1497 nensis
419 1425 558 1497 diocesis
581 1425 806 1516 presbiterum,
824 1440 855 1496 et
886 1426 1066 1518 l‘bilipputu
1081 1430 1202 1497 dictum
1223 1430 1263 1495 de
1279 1426 1420 1497 budion·

290 1540 344 1624 tiu,
364 1538 529 1620 clericum,
546 1538 721 1609 existentes
734 1542 774 1608 de
789 1541 887 1609 cboro
902 1554 934 1609 et
950 1538 1178 1629 jurisdictione
1198 1540 1329 1631 capituli
1344 1562 1418 1631 pre-

290 1652 365 1722 dicti
396 1666 428 1723 et
450 1651 481 1721 iu
513 1673 594 1741 quos
624 1652 837 1741 presbiterum
868 1664 900 1721 ct
927 1653 1080 1722 clericum
1115 1655 1274 1723 babebnut
1308 1650 1415 1723 eidem

290 1769 476 1857 capitulum,
495 1780 527 1834 ut
551 1765 712 1848 dicebaut,
730 1766 948 1835 omnimodum
966 1765 1238 1855 jurisdictionem,
1259 1780 1414 1858 ceperant

291 1898 348 1945 seu
364 1873 433 1966 capi
451 1880 590 1944 lecerunt
618 1884 652 1945 et
672 1874 791 1945 carceri
816 1875 1004 1967 mancipari,
1025 1874 1056 1947 in
1082 1877 1293 1969 prcjrrdicinru
1313 1875 1417 1971 ipsius

290 1988 419 2081 capituli
441 2004 473 2059 ut
493 1988 609 2059 dieitur
635 2002 667 2059 et
692 1987 913 2078 jurisdicionis
938 1989 1096 2081 ipsorum,
1123 1991 1275 2063 uidelicet
1293 1992 1416 2061 dictum

291 2117 447 2173 rectorem
476 2101 615 2173 ecclesie
646 2105 686 2173 de
714 2102 884 2193 llaigniaco
914 2127 971 2194 piro
997 2127 1037 2175 eo
1074 2108 1159 2196 quod
1192 2106 1419 2198 imponebatur

290 2216 395 2288 eidem
414 2219 532 2286 rectori
551 2219 689 2287 eundern
706 2216 819 2287 lurtive
845 2216 1045 2309 supripuisse
1069 2220 1225 2310 qutusdnm
1252 2242 1366 2291 cereos
1384 2236 1417 2291 et

292 2330 390 2402 libros
409 2334 602 2402 deecclesia
618 2355 674 2402 sua
695 2336 734 2402 de
752 2334 910 2423 llaguiaeu
929 2333 1083 2424 [tiodiem.
1102 2350 1133 2405 et
1157 2334 1278 2406 dietum
1300 2332 1418 2427 l'bilip-

292 2468 369 2537 pum
389 2448 428 2516 de
449 2445 614 2516 budieutin
635 2468 692 2537 pro
719 2449 861 2536 eoquod
888 2450 1042 2537 ‹puasdam
1064 2447 1184 2519 litteras
1213 2448 1417 2539 etoqutorias

292 2557 398 2648 sigillo
419 2558 654 2628 Aurelianensis
667 2557 754 2628 curie
770 2558 924 2648 sigillatas
937 2558 1065 2651 rupisse
1081 2560 1259 2631 dicebatur.
1273 2564 1415 2633 Tandem

293 2693 349 2762 pro
370 2674 455 2739 bouo
472 2669 558 2760 prucis
575 2669 659 2738 idern
679 2670 829 2739 dontinus
846 2671 1019 2761 episcopus
1038 2676 1137 2741 voluit
1156 2688 1188 2741 ct
1199 2676 1362 2743 concessit
1377 2694 1417 2743 ac

294 2780 440 2873 promisit
456 2785 537 2850 bona
561 2784 621 2849 lide
649 2803 747 2872 super
765 2781 973 2871 expedicione
993 2797 1025 2853 et
1052 2783 1246 2853 liberacioue
1270 2783 1414 2875 ipsorum

294 2894 461 2986 presbiteri
491 2909 522 2965 et
545 2894 653 2965 clerici
677 2910 761 2965 sture
790 2896 988 2967 ordinacioui
1016 2898 1245 2969 reiterabiliurn
1277 2896 1415 2969 virorum

293 3008 497 3080 dominorum
521 3008 694 3080 subdecani
720 3023 751 3080 et
774 3011 923 3101 capicerii
952 3013 1182 3104 predictorum,
1202 3027 1235 3083 et
1255 3025 1364 3085 teucro
1378 3036 1417 3085 ac

292 3128 463 3196 obseruare
482 3123 635 3217 quicquid
651 3123 711 3216 ipsi
725 3125 847 3194 domiui
864 3130 1068 3198 sululecauus
1080 3142 1111 3199 et
1127 3126 1306 3219 capicerius
1320 3151 1418 3220 super

294 3238 478 3329 lurjusmodi
501 3238 629 3308 casibus
648 3242 774 3308 «inultus
798 3242 953 3309 ducerent
972 3240 1199 3325 ordinandum,
1221 3256 1313 3333 prout
1333 3240 1417 3313 ideru

294 3355 488 3423 reverendus
507 3369 595 3442 pater
609 3356 779 3421 contessus
798 3355 856 3421 luit
875 3368 905 3421 ct
930 3354 1067 3423 asseruit
1087 3377 1194 3425 coram
1217 3376 1270 3425 me
1289 3354 1418 3447 publico

294 3464 418 3535 notario
437 3480 468 3535 et
490 3467 626 3535 testibus
646 3464 869 3555 infrascriptis.
894 3466 1104 3537 Conlessiono
1130 3468 1313 3558 bujusmodi
1334 3470 1416 3539 lacta

295 3593 325 3649 et
346 3577 489 3659 recitata,
508 3578 614 3647 ‹lietus
629 3580 846 3661 subdecanus,
859 3578 927 3649 uice
946 3604 983 3649 ac
996 3580 1125 3651 uomiuu
1148 3578 1250 3672 ipsius
1266 3580 1415 3673 capicerii

294 3709 326 3763 ct
340 3715 410 3776 suo,
427 3714 555 3761 omrreru
571 3690 805 3760 ordinationem
823 3694 1006 3780 bujustuodi
1020 3692 1050 3762 iu
1063 3718 1099 3763 se
1111 3707 1264 3785 suscepto
1276 3716 1419 3785 pronun·

295 3804 388 3877 cievit
416 3802 727 3894 perordinationem
754 3828 844 3873 suoru
867 3804 1041 3895 prredictuut
1072 3808 1178 3877 dictus
1208 3822 1365 3877 rectoreut
1385 3822 1417 3878 ct

298 3920 478 4011 l'bilippurn
495 3921 534 3989 dc
551 3916 715 3988 budieutia
733 3922 772 3987 de
789 3918 997 4009 jurisdicioue
1015 3918 1117 4012 ipsius
1137 3922 1267 4012 capituli
1283 3920 1419 3993 existere

295 4049 326 4105 et
348 4057 403 4125 per
422 4048 534 4123 gentes
550 4036 695 4120 eiusdem
717 4034 838 4103 domiui
855 4033 998 4127 episcopi
1015 4035 1132 4127 injuste
1145 4051 1257 4129 captos
1270 4036 1369 4109 luisse
1381 4060 1420 4109 ac

297 4172 352 4241 per
366 4173 421 4219 eas
442 4148 585 4219 indebite
601 4148 699 4217 luisse
717 4151 867 4219 detentos
886 4165 918 4220 et
938 4148 969 4218 iu
990 4149 1198 4241 prejudicium
1218 4150 1420 4244 ipsiuscapi-

297 4261 352 4332 tuli
372 4261 640 4352 acjnrisdiciuuis
660 4264 819 4352 ejusdem,
832 4266 1028 4353 eosdemque
1048 4280 1205 4336 rectorem
1221 4264 1419 4337 etcleriruru

297 4374 512 4445 restituendos
542 4400 615 4445 esse
647 4375 863 4465 justiciaudos
902 4399 958 4467 pter
993 4377 1168 4467 capituluru
1206 4380 1417 4465 antedictum,

297 4513 421 4560 necnon
442 4503 473 4559 et
492 4493 648 4581 uirusdaru
663 4494 881 4579 fidejussores,
900 4494 992 4561 «latos
1018 4516 1035 4560 a
1063 4495 1152 4561 dictu
1176 4492 1323 4585 l'bilippo
1344 4518 1421 4581 geu·

298 4602 383 4671 tibus
401 4602 502 4693 ipsius
518 4602 638 4672 tietuini
654 4604 799 4692 episcopi
825 4578 1006 4672 occasiuuc⁰
1020 4602 1129 4673 delicti
1148 4604 1253 4675 cidettt
1274 4606 1421 4696 l'bilippo
