3420 5490
763 718 944 784 -309-

288 858 320 916 et
341 846 490 915 auxilium
511 845 644 915 aliorum
665 849 800 916 duorum
829 845 954 916 obviam
983 870 1086 937 usque
1116 850 1155 917 ad
1186 848 1352 920 calciatam
1379 851 1418 922 de

293 959 433 1029 Sarcotis
453 974 485 1030 et
505 983 568 1029 non
590 963 682 1029 ultra.
708 962 778 1030 dlio
802 983 876 1031 vero
896 972 1054 1052 tempore,
1075 985 1138 1032 non
1161 962 1274 1053 poterit
1297 987 1420 1054 ponere

293 1071 353 1144 nisi
372 1087 492 1142 tantum
514 1076 595 1143 duos
615 1097 716 1163 equos
741 1077 779 1144 ad
800 1072 998 1165 quadrigam.
1023 1079 1114 1158 ltem,
1138 1099 1156 1146 a
1183 1079 1293 1148 medio
1309 1078 1418 1150 marcii

294 1189 462 1276 usquead
494 1187 634 1258 medium
663 1189 851 1279 septembri,
881 1211 944 1257 nrm
976 1187 1071 1259 taeiet
1094 1192 1197 1259 secari
1228 1188 1260 1259 in
1288 1213 1420 1262 nemore

294 1299 438 1391 predicto
459 1298 519 1371 nisi
539 1313 688 1392 presente
705 1301 857 1392 quadriga
878 1325 949 1388 sua,
976 1305 1033 1373 sed
1064 1326 1081 1372 a
1110 1302 1217 1375 medio
1244 1306 1419 1396 septembri

294 1436 395 1503 usque
416 1417 454 1484 ad
476 1415 616 1485 medium
634 1414 745 1487 marcii
767 1418 849 1487 bene
865 1415 982 1507 poterit
999 1420 1103 1489 lacere
1120 1416 1235 1501 semri,
1257 1416 1333 1490 licet
1355 1442 1419 1492 uon

294 1528 336 1598 sit
366 1553 501 1620 presens
526 1528 705 1620 quadriga;
737 1533 798 1601 troc
827 1544 933 1602 tamen
963 1535 1088 1623 adjecto
1113 1535 1199 1623 quod
1224 1533 1421 1626 quicumque

292 1643 414 1714 secabit
443 1666 500 1734 pro
539 1668 591 1726 eo,
619 1642 770 1734 quotiens
797 1643 890 1715 luerit
917 1644 1091 1735 requisitus
1125 1669 1144 1716 a
1174 1651 1341 1738 preposito
1372 1651 1419 1719 vel

292 1756 460 1827 forestario
482 1761 530 1826 vel
545 1771 633 1827 certo
653 1759 803 1827 mandato
822 1756 964 1848 capituli,
983 1761 1078 1830 tidem
1095 1758 1201 1840 laciet,
1224 1761 1287 1832 uisi
1313 1773 1419 1832 tamen

293 1868 335 1939 sit
360 1868 392 1938 in
420 1868 550 1941 servitio
576 1869 709 1961 predicti
737 1868 847 1940 militis
867 1873 906 1940 ad
927 1873 1057 1961 longum
1082 1876 1271 1956 terminum,
1291 1886 1323 1944 et
1343 1887 1421 1944 tnnc

295 1985 394 2053 semel
411 1982 530 2073 intrabit
553 1983 647 2053 alicui
664 1982 880 2074 predictorum
899 2006 956 2073 pro
975 1997 1042 2054 toto
1062 1997 1291 2076 temporeque
1312 2007 1420 2075 perse·

297 2094 418 2166 vorabit
442 2095 473 2165 in
495 2096 627 2167 servitio
656 2095 770 2187 ipsius,
794 2099 879 2186 quod
909 2118 972 2165 non
998 2095 1120 2168 secabit
1147 2099 1188 2169 de
1212 2120 1343 2169 nemore
1356 2097 1419 2169 uisi

294 2221 449 2299 quantum
470 2211 578 2278 credet
594 2211 742 2278 snlticere
757 2210 796 2277 ad
813 2216 907 2278 unam
928 2207 1160 2299 quadrigatam,
1193 2222 1226 2281 et
1239 2213 1326 2300 quod
1347 2225 1421 2300 post

295 2344 459 2392 recessum
480 2320 632 2411 quadrigc
648 2323 687 2391 de
703 2343 834 2391 nemore
849 2323 991 2412 amplius
1006 2324 1046 2394 de
1061 2345 1193 2394 nemore
1213 2347 1276 2394 non
1297 2323 1420 2397 secabit

293 2435 345 2505 die
362 2435 415 2505 illo
435 2447 467 2506 et
485 2438 569 2526 «prod
586 2437 688 2505 credit
704 2437 788 2524 quod
806 2434 957 2526 quadriga
978 2434 1029 2506 illa
1054 2436 1096 2508 sit
1120 2449 1250 2509 ventura
1271 2439 1323 2510 dic
1348 2438 1415 2512 illo.

294 2549 325 2620 si
357 2575 431 2621 vero
463 2574 561 2642 super
590 2552 651 2621 lroc
678 2552 771 2622 tidem
800 2552 876 2622 dare
902 2553 949 2621 vel
974 2554 1080 2643 jurare
1104 2552 1253 2636 uoluerit,
1275 2554 1420 2648 capietur

294 2690 351 2756 pro
371 2667 520 2736 emenda.
542 2669 619 2735 ltern
642 2689 823 2737 merrenum
850 2669 897 2736 vel
926 2689 1090 2738 escorcam
1109 2665 1141 2736 in
1160 2690 1291 2739 nemore
1316 2673 1420 2742 tacere

293 2803 356 2849 non
376 2782 506 2869 poterit,
524 2781 580 2849 sed
599 2777 683 2869 ligna
703 2802 765 2870 que
781 2779 915 2849 voluerit
930 2782 970 2850 de
987 2802 1117 2851 nemore
1133 2783 1325 2872 asportabit,
1344 2785 1421 2855 inde

293 2915 389 2983 opera
418 2914 480 2980 que
509 2891 643 2962 voluerit
672 2876 880 2983 in'predicto
908 2895 1001 2962 leode
1029 2896 1182 2964 tacturus.
1214 2898 1373 2980 l’reterea,
1402 2918 1419 2966 a

293 3008 374 3074 testo
402 3003 503 3073 sancti
537 3003 657 3072 llartini
691 3004 845 3093 lryemalis
874 3027 977 3093 usqne
1006 3007 1044 3074 ad
1072 3008 1180 3076 Natale
1209 3005 1349 3089 Domini,
1385 3006 1418 3076 in

294 3138 424 3186 nemore
459 3119 605 3207 predicto
637 3116 753 3205 poterit
790 3139 904 3206 capere
936 3120 1082 3206 paxillos,
1120 3141 1202 3208 quos
1232 3121 1419 3189 clmrnerios

293 3231 505 3318 appellamus,
529 3251 630 3318 nsque
658 3231 696 3296 ad
727 3242 875 3299 sexcenta
916 3242 1053 3311 tantum,
1086 3228 1127 3299 ita
1147 3233 1232 3320 qnod
1253 3228 1420 3320 quodlibet

294 3355 422 3410 eentum
449 3339 612 3411 contineat
632 3341 760 3428 triginta
777 3343 910 3431 javellas
935 3356 967 3410 et
996 3343 1138 3431 quelibet
1153 3344 1266 3431 javella
1288 3355 1418 3412 centum

294 3453 491 3523 cimmerius.
517 3457 660 3542 deponet
680 3467 786 3522 autem
813 3475 870 3523 eos
890 3456 973 3543 apud
1003 3458 1151 3523 Sarcotas
1181 3476 1241 3524 nco
1267 3476 1324 3525 eos
1343 3453 1419 3525 inde

293 3565 469 3656 asportabit
489 3568 592 3636 donec
617 3589 674 3635 eos
700 3565 877 3636 ostenderit
897 3569 1047 3637 mandato
1064 3565 1207 3656 capituli.
1230 3569 1275 3637 dd
1294 3567 1418 3638 lacien-

293 3681 352 3750 dos
371 3681 466 3749 etiam
488 3703 544 3748 sen
566 3681 725 3768 parandos
740 3677 926 3749 cimmerius
941 3677 1013 3749 illos
1033 3678 1064 3747 in
1082 3702 1214 3750 nemore
1233 3684 1417 3769 plusquam

294 3806 358 3861 tres
380 3790 527 3861 lromines
555 3794 652 3861 simul
674 3815 737 3861 non
759 3794 904 3871 babebit,
925 3793 978 3882 qni
996 3792 1091 3862 etiam
1113 3795 1207 3862 tillem
1230 3795 1419 3883 prestabunt

293 3906 443 3972 urrandato
469 3903 598 3994 capituli
628 3906 712 3994 qnod
744 3904 774 3973 in
809 3904 998 3995 colligendis
1034 3905 1212 3976 cimmeriis
1246 3929 1416 3978 urrmerum

293 4032 516 4087 sescentorum
534 4042 597 4088 non
613 4020 778 4087 excedent.
797 4023 854 4088 l‘er
868 4021 1044 4108 predictam
1058 4033 1165 4089 antem
1180 4021 1415 4091 ordinationem

294 4131 360 4201 sive
380 4130 641 4212 declarationem,
665 4134 785 4200 nullum
812 4132 889 4201 alias
921 4137 974 4202 tint
1002 4131 1146 4222 predicto
1166 4132 1257 4202 militi
1279 4135 1326 4204 vel
1346 4136 1417 4222 ejus

295 4243 401 4312 lreredi
422 4243 645 4334 prejudicium,
660 4244 716 4312 sed
732 4246 835 4314 littere
848 4268 906 4314 sue
919 4247 952 4313 in
966 4268 1025 4314 sno
1040 4246 1154 4314 robore
1169 4248 1415 4334 permanebunt,

293 4380 372 4445 quas
397 4358 491 4426 lrabet
513 4380 609 4446 super
635 4356 771 4447 usuagio
788 4379 860 4439 sno,
883 4357 990 4448 sigillo
1015 4356 1144 4448 capituli
1169 4356 1335 4447 sigillatas.
1353 4362 1417 4428 Nos

292 4484 414 4555 antem,
432 4473 463 4539 in
485 4472 579 4560 trnjns
598 4468 642 4540 rei
665 4472 759 4541 ditem
786 4484 817 4541 et
845 4470 1077 4556 testimonirnn,
1099 4486 1267 4564 presentes
1297 4473 1417 4546 litteras

293 4583 399 4676 sigillo
427 4599 537 4655 nostro
568 4584 721 4676 sigillatas
754 4600 816 4655 tam
856 4586 995 4677 capitulo
1024 4611 1119 4678 quam
1152 4586 1296 4678 predicto
1325 4587 1417 4660 militi

290 4699 441 4768 drrximus
459 4701 695 4770 concedendas.
714 4705 825 4770 lictum
847 4723 930 4770 anno
951 4701 1077 4771 [lumini
1095 4705 1303 4772 ttccxxvtttr
