<?xml version="1.0" encoding="UTF-8"?>
<!DOCTYPE html PUBLIC "-//W3C//DTD XHTML 1.0 Transitional//EN"
    "http://www.w3.org/TR/xhtml1/DTD/xhtml1-transitional.dtd">
<html xmlns="http://www.w3.org/1999/xhtml" xml:lang="en" lang="en">
 <head>
  <title>
</title>
<meta http-equiv="Content-Type" content="text/html;charset=utf-8" />
  <meta name='ocr-system' content='tesseract 3.04.00' />
  <meta name='ocr-capabilities' content='ocr_page ocr_carea ocr_par ocr_line ocrx_word'/>
</head>
<body>
  <div class='ocr_page' id='page_1' title='image "./cartulairedesai00jarrgoog_0550.png"; bbox 0 0 3420 5490; ppageno 0'>
   <div class='ocr_carea' id='block_1_1' title="bbox 761 694 941 757">
    <p class='ocr_par' dir='ltr' id='par_1_1' title="bbox 761 694 941 757">
     <span class='ocr_line' id='line_1_1' title="bbox 761 694 941 757; baseline 0 0"><span class='ocrx_word' id='word_1_1' title='bbox 761 694 882 757; x_wconf 72' lang='grc'>-424</span> <span class='ocrx_word' id='word_1_2' title='bbox 906 728 941 741; x_wconf 95' lang='grc'><strong>-</strong></span> 
     </span>
    </p>
   </div>
   <div class='ocr_carea' id='block_1_2' title="bbox 289 818 1416 4677">
    <p class='ocr_par' dir='ltr' id='par_1_2' title="bbox 289 818 1416 4677">
     <span class='ocr_line' id='line_1_2' title="bbox 289 818 1411 913; baseline -0.001 -21"><span class='ocrx_word' id='word_1_3' title='bbox 289 835 375 893; x_wconf 89' lang='lat' dir='ltr'>esset</span> <span class='ocrx_word' id='word_1_4' title='bbox 391 818 607 892; x_wconf 86' lang='lat' dir='ltr'>controuersia</span> <span class='ocrx_word' id='word_1_5' title='bbox 628 819 711 891; x_wconf 90' lang='lat' dir='ltr'>inter</span> <span class='ocrx_word' id='word_1_6' title='bbox 741 842 801 891; x_wconf 89' lang='lat' dir='ltr'>nos</span> <span class='ocrx_word' id='word_1_7' title='bbox 826 834 858 890; x_wconf 89' lang='lat' dir='ltr'>et</span> <span class='ocrx_word' id='word_1_8' title='bbox 882 820 986 891; x_wconf 91' lang='lat' dir='ltr'>dictos</span> <span class='ocrx_word' id='word_1_9' title='bbox 1005 821 1161 891; x_wconf 89' lang='lat' dir='ltr'>decanum</span> <span class='ocrx_word' id='word_1_10' title='bbox 1180 830 1214 891; x_wconf 87' lang='lat' dir='ltr'>ct</span> <span class='ocrx_word' id='word_1_11' title='bbox 1233 823 1411 913; x_wconf 82' lang='lat' dir='ltr'>capitutum</span> 
     </span>
     <span class='ocr_line' id='line_1_3' title="bbox 289 932 1413 1028; baseline -0.002 -21"><span class='ocrx_word' id='word_1_12' title='bbox 289 958 386 1028; x_wconf 90' lang='lat' dir='ltr'>super</span> <span class='ocrx_word' id='word_1_13' title='bbox 416 939 477 1006; x_wconf 84' lang='lat' dir='ltr'>troc</span> <span class='ocrx_word' id='word_1_14' title='bbox 505 935 590 1023; x_wconf 86' lang='lat' dir='ltr'>qrrod</span> <span class='ocrx_word' id='word_1_15' title='bbox 623 955 682 1005; x_wconf 91' lang='lat' dir='ltr'>nos</span> <span class='ocrx_word' id='word_1_16' title='bbox 712 932 899 1005; x_wconf 81' lang='lat' dir='ltr'><strong>dicebamus</strong></span> <span class='ocrx_word' id='word_1_17' title='bbox 934 932 1055 1005; x_wconf 93' lang='lat' dir='ltr'>dictum</span> <span class='ocrx_word' id='word_1_18' title='bbox 1084 933 1259 1026; x_wconf 82' lang='lat' dir='ltr'>capitutum</span> <span class='ocrx_word' id='word_1_19' title='bbox 1291 934 1413 1007; x_wconf 67' lang='lat' dir='ltr'>remisse</span> 
     </span>
     <span class='ocr_line' id='line_1_4' title="bbox 289 1044 1411 1139; baseline -0.001 -19"><span class='ocrx_word' id='word_1_20' title='bbox 289 1066 390 1121; x_wconf 87' lang='lat' dir='ltr'>terras</span> <span class='ocrx_word' id='word_1_21' title='bbox 425 1047 457 1117; x_wconf 93' lang='lat' dir='ltr'>in</span> <span class='ocrx_word' id='word_1_22' title='bbox 491 1046 623 1117; x_wconf 82' lang='lat' dir='ltr'>nitiade</span> <span class='ocrx_word' id='word_1_23' title='bbox 656 1045 820 1119; x_wconf 85' lang='lat' dir='ltr'>Vittccootr</span> <span class='ocrx_word' id='word_1_24' title='bbox 841 1061 875 1118; x_wconf 93' lang='lat' dir='ltr'>et</span> <span class='ocrx_word' id='word_1_25' title='bbox 893 1046 977 1119; x_wconf 88' lang='lat' dir='ltr'>circa</span> <span class='ocrx_word' id='word_1_26' title='bbox 1006 1044 1038 1116; x_wconf 94' lang='lat' dir='ltr'>iu</span> <span class='ocrx_word' id='word_1_27' title='bbox 1061 1049 1155 1118; x_wconf 83' lang='lat' dir='ltr'>trodo</span> <span class='ocrx_word' id='word_1_28' title='bbox 1175 1061 1300 1133; x_wconf 88' lang='lat' dir='ltr'>nostro,</span> <span class='ocrx_word' id='word_1_29' title='bbox 1322 1049 1411 1139; x_wconf 82' lang='lat' dir='ltr'>qnod</span> 
     </span>
     <span class='ocr_line' id='line_1_5' title="bbox 289 1159 1413 1251; baseline -0.003 -18"><span class='ocrx_word' id='word_1_30' title='bbox 289 1170 393 1233; x_wconf 88' lang='lat' dir='ltr'>t&#39;acere</span> <span class='ocrx_word' id='word_1_31' title='bbox 407 1184 469 1231; x_wconf 93' lang='lat' dir='ltr'>non</span> <span class='ocrx_word' id='word_1_32' title='bbox 490 1174 611 1251; x_wconf 92' lang='lat' dir='ltr'>poterat</span> <span class='ocrx_word' id='word_1_33' title='bbox 632 1182 691 1229; x_wconf 89' lang='lat' dir='ltr'>uec</span> <span class='ocrx_word' id='word_1_34' title='bbox 712 1162 863 1244; x_wconf 79' lang='lat' dir='ltr'>detrudat,</span> <span class='ocrx_word' id='word_1_35' title='bbox 880 1159 976 1230; x_wconf 90' lang='lat' dir='ltr'>dictis</span> <span class='ocrx_word' id='word_1_36' title='bbox 995 1161 1118 1230; x_wconf 85' lang='lat' dir='ltr'>decano</span> <span class='ocrx_word' id='word_1_37' title='bbox 1142 1173 1174 1230; x_wconf 92' lang='lat' dir='ltr'>et</span> <span class='ocrx_word' id='word_1_38' title='bbox 1193 1160 1333 1251; x_wconf 85' lang='lat' dir='ltr'>capitulo</span> <span class='ocrx_word' id='word_1_39' title='bbox 1357 1183 1413 1233; x_wconf 87' lang='lat' dir='ltr'>sn·</span> 
     </span>
     <span class='ocr_line' id='line_1_6' title="bbox 290 1271 1412 1370; baseline -0.003 -23"><span class='ocrx_word' id='word_1_40' title='bbox 290 1300 345 1370; x_wconf 87' lang='lat' dir='ltr'>per</span> <span class='ocrx_word' id='word_1_41' title='bbox 365 1278 426 1346; x_wconf 80' lang='lat' dir='ltr'>troc</span> <span class='ocrx_word' id='word_1_42' title='bbox 446 1274 477 1343; x_wconf 92' lang='lat' dir='ltr'>in</span> <span class='ocrx_word' id='word_1_43' title='bbox 494 1273 689 1344; x_wconf 89' lang='lat' dir='ltr'>contrarium</span> <span class='ocrx_word' id='word_1_44' title='bbox 709 1271 849 1344; x_wconf 88' lang='lat' dir='ltr'>rationes</span> <span class='ocrx_word' id='word_1_45' title='bbox 865 1272 1019 1365; x_wconf 83' lang='lat' dir='ltr'>plurimas</span> <span class='ocrx_word' id='word_1_46' title='bbox 1037 1271 1263 1363; x_wconf 74' lang='lat' dir='ltr'>allegantibus·</span> <span class='ocrx_word' id='word_1_47' title='bbox 1281 1277 1360 1344; x_wconf 83' lang='lat' dir='ltr'>item</span> <span class='ocrx_word' id='word_1_48' title='bbox 1379 1287 1412 1344; x_wconf 93' lang='lat' dir='ltr'>et</span> 
     </span>
     <span class='ocr_line' id='line_1_7' title="bbox 289 1384 1411 1481; baseline -0.003 -19"><span class='ocrx_word' id='word_1_49' title='bbox 289 1412 386 1481; x_wconf 89' lang='lat' dir='ltr'>snper</span> <span class='ocrx_word' id='word_1_50' title='bbox 402 1391 464 1459; x_wconf 85' lang='lat' dir='ltr'>troc</span> <span class='ocrx_word' id='word_1_51' title='bbox 482 1388 568 1479; x_wconf 81' lang='lat' dir='ltr'>‹prrod</span> <span class='ocrx_word' id='word_1_52' title='bbox 589 1384 664 1457; x_wconf 90' lang='lat' dir='ltr'>dicti</span> <span class='ocrx_word' id='word_1_53' title='bbox 685 1388 827 1458; x_wconf 80' lang='lat' dir='ltr'>‹tecanns</span> <span class='ocrx_word' id='word_1_54' title='bbox 852 1402 884 1458; x_wconf 93' lang='lat' dir='ltr'>et</span> <span class='ocrx_word' id='word_1_55' title='bbox 903 1388 1076 1479; x_wconf 85' lang='lat' dir='ltr'>capitutum</span> <span class='ocrx_word' id='word_1_56' title='bbox 1094 1389 1255 1459; x_wconf 83' lang='lat' dir='ltr'>trabebant</span> <span class='ocrx_word' id='word_1_57' title='bbox 1268 1386 1302 1457; x_wconf 91' lang='lat' dir='ltr'>iu</span> <span class='ocrx_word' id='word_1_58' title='bbox 1328 1401 1411 1459; x_wconf 86' lang='lat' dir='ltr'>terra</span> 
     </span>
     <span class='ocr_line' id='line_1_8' title="bbox 289 1499 1411 1593; baseline -0.002 -18"><span class='ocrx_word' id='word_1_59' title='bbox 289 1528 348 1575; x_wconf 91' lang='lat' dir='ltr'>sua</span> <span class='ocrx_word' id='word_1_60' title='bbox 368 1506 407 1573; x_wconf 89' lang='lat' dir='ltr'>de</span> <span class='ocrx_word' id='word_1_61' title='bbox 428 1504 716 1593; x_wconf 83' lang='lat' dir='ltr'>Caprcdaqncdam</span> <span class='ocrx_word' id='word_1_62' title='bbox 729 1499 812 1592; x_wconf 79' lang='lat' dir='ltr'>digua</span> <span class='ocrx_word' id='word_1_63' title='bbox 832 1502 871 1573; x_wconf 90' lang='lat' dir='ltr'>ad</span> <span class='ocrx_word' id='word_1_64' title='bbox 886 1514 1001 1572; x_wconf 86' lang='lat' dir='ltr'>terram</span> <span class='ocrx_word' id='word_1_65' title='bbox 1017 1500 1169 1593; x_wconf 79' lang='lat' dir='ltr'>jacentia,</span> <span class='ocrx_word' id='word_1_66' title='bbox 1192 1501 1324 1573; x_wconf 89' lang='lat' dir='ltr'>nomino</span> <span class='ocrx_word' id='word_1_67' title='bbox 1343 1506 1411 1573; x_wconf 81' lang='lat' dir='ltr'>tur·</span> 
     </span>
     <span class='ocr_line' id='line_1_9' title="bbox 289 1613 1412 1706; baseline -0.001 -17"><span class='ocrx_word' id='word_1_68' title='bbox 289 1640 400 1689; x_wconf 91' lang='lat' dir='ltr'>carum</span> <span class='ocrx_word' id='word_1_69' title='bbox 418 1629 450 1687; x_wconf 92' lang='lat' dir='ltr'>et</span> <span class='ocrx_word' id='word_1_70' title='bbox 464 1617 505 1685; x_wconf 88' lang='lat' dir='ltr'>do</span> <span class='ocrx_word' id='word_1_71' title='bbox 521 1613 639 1705; x_wconf 82' lang='lat' dir='ltr'>quihus</span> <span class='ocrx_word' id='word_1_72' title='bbox 657 1619 738 1685; x_wconf 81' lang='lat' dir='ltr'>tacte</span> <span class='ocrx_word' id='word_1_73' title='bbox 757 1616 883 1685; x_wconf 81' lang='lat' dir='ltr'>inerant</span> <span class='ocrx_word' id='word_1_74' title='bbox 896 1618 995 1702; x_wconf 87' lang='lat' dir='ltr'>turce,</span> <span class='ocrx_word' id='word_1_75' title='bbox 1011 1637 1074 1706; x_wconf 91' lang='lat' dir='ltr'>que</span> <span class='ocrx_word' id='word_1_76' title='bbox 1099 1613 1184 1705; x_wconf 78' lang='lat' dir='ltr'>digua</span> <span class='ocrx_word' id='word_1_77' title='bbox 1199 1616 1240 1686; x_wconf 88' lang='lat' dir='ltr'>dc</span> <span class='ocrx_word' id='word_1_78' title='bbox 1259 1615 1412 1687; x_wconf 88' lang='lat' dir='ltr'>mandato</span> 
     </span>
     <span class='ocr_line' id='line_1_10' title="bbox 290 1728 1414 1819; baseline -0.001 -18"><span class='ocrx_word' id='word_1_79' title='bbox 290 1745 428 1803; x_wconf 88' lang='lat' dir='ltr'>uostroa</span> <span class='ocrx_word' id='word_1_80' title='bbox 452 1728 538 1799; x_wconf 89' lang='lat' dir='ltr'>dicto</span> <span class='ocrx_word' id='word_1_81' title='bbox 562 1731 633 1799; x_wconf 86' lang='lat' dir='ltr'>toco</span> <span class='ocrx_word' id='word_1_82' title='bbox 651 1732 775 1799; x_wconf 79' lang='lat' dir='ltr'>ruerant</span> <span class='ocrx_word' id='word_1_83' title='bbox 795 1742 969 1819; x_wconf 90' lang='lat' dir='ltr'>asportata,</span> <span class='ocrx_word' id='word_1_84' title='bbox 990 1743 1021 1800; x_wconf 92' lang='lat' dir='ltr'>ct</span> <span class='ocrx_word' id='word_1_85' title='bbox 1042 1728 1119 1799; x_wconf 84' lang='lat' dir='ltr'>dicti</span> <span class='ocrx_word' id='word_1_86' title='bbox 1141 1728 1286 1801; x_wconf 84' lang='lat' dir='ltr'>decanus</span> <span class='ocrx_word' id='word_1_87' title='bbox 1309 1743 1341 1799; x_wconf 91' lang='lat' dir='ltr'>et</span> <span class='ocrx_word' id='word_1_88' title='bbox 1361 1751 1414 1800; x_wconf 90' lang='lat' dir='ltr'>ca·</span> 
     </span>
     <span class='ocr_line' id='line_1_11' title="bbox 291 1841 1414 1938; baseline 0 -22"><span class='ocrx_word' id='word_1_89' title='bbox 291 1847 456 1938; x_wconf 85' lang='lat' dir='ltr'>pituiuma</span> <span class='ocrx_word' id='word_1_90' title='bbox 472 1842 566 1914; x_wconf 83' lang='lat' dir='ltr'>nobis</span> <span class='ocrx_word' id='word_1_91' title='bbox 592 1856 738 1935; x_wconf 87' lang='lat' dir='ltr'>peterent</span> <span class='ocrx_word' id='word_1_92' title='bbox 762 1844 847 1935; x_wconf 87' lang='lat' dir='ltr'>quod</span> <span class='ocrx_word' id='word_1_93' title='bbox 868 1866 928 1915; x_wconf 90' lang='lat' dir='ltr'>nos</span> <span class='ocrx_word' id='word_1_94' title='bbox 948 1841 1128 1937; x_wconf 90' lang='lat' dir='ltr'>predictum</span> <span class='ocrx_word' id='word_1_95' title='bbox 1157 1845 1264 1915; x_wconf 80' lang='lat' dir='ltr'>docum</span> <span class='ocrx_word' id='word_1_96' title='bbox 1284 1846 1325 1915; x_wconf 90' lang='lat' dir='ltr'>de</span> <span class='ocrx_word' id='word_1_97' title='bbox 1340 1867 1414 1935; x_wconf 88' lang='lat' dir='ltr'>pre·</span> 
     </span>
     <span class='ocr_line' id='line_1_12' title="bbox 290 1956 1413 2050; baseline -0.001 -19"><span class='ocrx_word' id='word_1_98' title='bbox 290 1960 384 2032; x_wconf 90' lang='lat' dir='ltr'>dictis</span> <span class='ocrx_word' id='word_1_99' title='bbox 407 1960 501 2050; x_wconf 80' lang='lat' dir='ltr'>tignis</span> <span class='ocrx_word' id='word_1_100' title='bbox 528 1962 708 2029; x_wconf 79' lang='lat' dir='ltr'>taceremus</span> <span class='ocrx_word' id='word_1_101' title='bbox 736 1956 891 2044; x_wconf 78' lang='lat' dir='ltr'>resaisiri,</span> <span class='ocrx_word' id='word_1_102' title='bbox 912 1971 942 2029; x_wconf 89' lang='lat' dir='ltr'>et</span> <span class='ocrx_word' id='word_1_103' title='bbox 963 1981 1023 2030; x_wconf 92' lang='lat' dir='ltr'>uos</span> <span class='ocrx_word' id='word_1_104' title='bbox 1041 1961 1189 2030; x_wconf 78' lang='lat' dir='ltr'>volumus</span> <span class='ocrx_word' id='word_1_105' title='bbox 1208 1972 1241 2030; x_wconf 89' lang='lat' dir='ltr'>et</span> <span class='ocrx_word' id='word_1_106' title='bbox 1259 1958 1413 2030; x_wconf 88' lang='lat' dir='ltr'>concedi-</span> 
     </span>
     <span class='ocr_line' id='line_1_13' title="bbox 289 2070 1416 2165; baseline 0 -20"><span class='ocrx_word' id='word_1_107' title='bbox 289 2099 362 2145; x_wconf 88' lang='lat' dir='ltr'>nrus</span> <span class='ocrx_word' id='word_1_108' title='bbox 377 2076 461 2165; x_wconf 83' lang='lat' dir='ltr'>quod</span> <span class='ocrx_word' id='word_1_109' title='bbox 475 2075 566 2143; x_wconf 88' lang='lat' dir='ltr'>locus</span> <span class='ocrx_word' id='word_1_110' title='bbox 581 2071 744 2163; x_wconf 89' lang='lat' dir='ltr'>predictus</span> <span class='ocrx_word' id='word_1_111' title='bbox 760 2070 912 2164; x_wconf 75' lang='lat' dir='ltr'>predictis</span> <span class='ocrx_word' id='word_1_112' title='bbox 926 2072 1022 2164; x_wconf 82' lang='lat' dir='ltr'>lignis</span> <span class='ocrx_word' id='word_1_113' title='bbox 1035 2070 1219 2144; x_wconf 88' lang='lat' dir='ltr'>resaisiatur</span> <span class='ocrx_word' id='word_1_114' title='bbox 1232 2086 1264 2144; x_wconf 89' lang='lat' dir='ltr'>ct</span> <span class='ocrx_word' id='word_1_115' title='bbox 1276 2088 1416 2165; x_wconf 81' lang='lat' dir='ltr'>postruo</span> 
     </span>
     <span class='ocr_line' id='line_1_14' title="bbox 289 2184 1414 2277; baseline -0.002 -18"><span class='ocrx_word' id='word_1_116' title='bbox 289 2192 366 2259; x_wconf 94' lang='lat' dir='ltr'>dum</span> <span class='ocrx_word' id='word_1_117' title='bbox 386 2190 503 2257; x_wconf 85' lang='lat' dir='ltr'>veritas</span> <span class='ocrx_word' id='word_1_118' title='bbox 530 2184 661 2277; x_wconf 83' lang='lat' dir='ltr'>justicie</span> <span class='ocrx_word' id='word_1_119' title='bbox 694 2184 852 2255; x_wconf 90' lang='lat' dir='ltr'>dictarum</span> <span class='ocrx_word' id='word_1_120' title='bbox 872 2190 1031 2256; x_wconf 84' lang='lat' dir='ltr'>turcarum</span> <span class='ocrx_word' id='word_1_121' title='bbox 1060 2185 1249 2276; x_wconf 87' lang='lat' dir='ltr'>inquiratur.</span> <span class='ocrx_word' id='word_1_122' title='bbox 1270 2190 1414 2258; x_wconf 82' lang='lat' dir='ltr'>&#39;sauriem</span> 
     </span>
     <span class='ocr_line' id='line_1_15' title="bbox 290 2297 1414 2395; baseline 0 -22"><span class='ocrx_word' id='word_1_123' title='bbox 290 2316 364 2395; x_wconf 91' lang='lat' dir='ltr'>post</span> <span class='ocrx_word' id='word_1_124' title='bbox 383 2302 501 2371; x_wconf 87' lang='lat' dir='ltr'>multas</span> <span class='ocrx_word' id='word_1_125' title='bbox 523 2299 749 2370; x_wconf 80' lang='lat' dir='ltr'>altercationes</span> <span class='ocrx_word' id='word_1_126' title='bbox 775 2322 873 2392; x_wconf 85' lang='lat' dir='ltr'>super</span> <span class='ocrx_word' id='word_1_127' title='bbox 893 2298 1045 2391; x_wconf 72' lang='lat' dir='ltr'>predictis</span> <span class='ocrx_word' id='word_1_128' title='bbox 1075 2297 1214 2386; x_wconf 81' lang='lat' dir='ltr'>liabitas,</span> <span class='ocrx_word' id='word_1_129' title='bbox 1243 2302 1284 2372; x_wconf 94' lang='lat' dir='ltr'>de</span> <span class='ocrx_word' id='word_1_130' title='bbox 1312 2304 1414 2373; x_wconf 84' lang='lat' dir='ltr'>tono·</span> 
     </span>
     <span class='ocr_line' id='line_1_16' title="bbox 290 2411 1414 2505; baseline -0.001 -20"><span class='ocrx_word' id='word_1_131' title='bbox 290 2438 361 2485; x_wconf 93' lang='lat' dir='ltr'>rum</span> <span class='ocrx_word' id='word_1_132' title='bbox 380 2411 530 2495; x_wconf 85' lang='lat' dir='ltr'>consitio,</span> <span class='ocrx_word' id='word_1_133' title='bbox 548 2435 622 2497; x_wconf 89' lang='lat' dir='ltr'>nos,</span> <span class='ocrx_word' id='word_1_134' title='bbox 643 2434 679 2482; x_wconf 84' lang='lat' dir='ltr'>er</span> <span class='ocrx_word' id='word_1_135' title='bbox 696 2434 757 2481; x_wconf 91' lang='lat' dir='ltr'>nna</span> <span class='ocrx_word' id='word_1_136' title='bbox 778 2426 880 2504; x_wconf 92' lang='lat' dir='ltr'>parte,</span> <span class='ocrx_word' id='word_1_137' title='bbox 907 2428 941 2482; x_wconf 91' lang='lat' dir='ltr'>et</span> <span class='ocrx_word' id='word_1_138' title='bbox 969 2411 1045 2481; x_wconf 93' lang='lat' dir='ltr'>dicti</span> <span class='ocrx_word' id='word_1_139' title='bbox 1066 2414 1209 2484; x_wconf 86' lang='lat' dir='ltr'>decanus</span> <span class='ocrx_word' id='word_1_140' title='bbox 1239 2425 1273 2483; x_wconf 86' lang='lat' dir='ltr'>et</span> <span class='ocrx_word' id='word_1_141' title='bbox 1290 2412 1414 2505; x_wconf 83' lang='lat' dir='ltr'>capitu·</span> 
     </span>
     <span class='ocr_line' id='line_1_17' title="bbox 291 2522 1412 2619; baseline 0 -24"><span class='ocrx_word' id='word_1_142' title='bbox 291 2529 371 2607; x_wconf 82' lang='lat' dir='ltr'>turn,</span> <span class='ocrx_word' id='word_1_143' title='bbox 391 2548 428 2595; x_wconf 89' lang='lat' dir='ltr'>ox</span> <span class='ocrx_word' id='word_1_144' title='bbox 447 2528 558 2609; x_wconf 83' lang='lat' dir='ltr'>attera,</span> <span class='ocrx_word' id='word_1_145' title='bbox 588 2523 619 2592; x_wconf 94' lang='lat' dir='ltr'>in</span> <span class='ocrx_word' id='word_1_146' title='bbox 651 2524 850 2594; x_wconf 83' lang='lat' dir='ltr'>vorreralrilcs</span> <span class='ocrx_word' id='word_1_147' title='bbox 877 2522 961 2593; x_wconf 88' lang='lat' dir='ltr'>uiros</span> <span class='ocrx_word' id='word_1_148' title='bbox 989 2522 1177 2613; x_wconf 78' lang='lat' dir='ltr'>magistrum</span> <span class='ocrx_word' id='word_1_149' title='bbox 1193 2526 1412 2619; x_wconf 79' lang='lat' dir='ltr'>it[eneriurul,</span> 
     </span>
     <span class='ocr_line' id='line_1_18' title="bbox 290 2634 1412 2720; baseline -0.002 -11"><span class='ocrx_word' id='word_1_150' title='bbox 290 2644 489 2709; x_wconf 86' lang='lat' dir='ltr'>Drocenscnr</span> <span class='ocrx_word' id='word_1_151' title='bbox 512 2635 773 2705; x_wconf 81' lang='lat' dir='ltr'>archidiaconum</span> <span class='ocrx_word' id='word_1_152' title='bbox 798 2635 830 2704; x_wconf 93' lang='lat' dir='ltr'>iu</span> <span class='ocrx_word' id='word_1_153' title='bbox 860 2634 998 2706; x_wconf 85' lang='lat' dir='ltr'>occiosia</span> <span class='ocrx_word' id='word_1_154' title='bbox 1030 2635 1233 2720; x_wconf 77' lang='lat' dir='ltr'>carnotensi,</span> <span class='ocrx_word' id='word_1_155' title='bbox 1253 2650 1286 2707; x_wconf 91' lang='lat' dir='ltr'>et</span> <span class='ocrx_word' id='word_1_156' title='bbox 1309 2636 1412 2707; x_wconf 92' lang='lat' dir='ltr'>domi-</span> 
     </span>
     <span class='ocr_line' id='line_1_19' title="bbox 289 2748 1411 2839; baseline 0 -18"><span class='ocrx_word' id='word_1_157' title='bbox 289 2775 366 2822; x_wconf 89' lang='lat' dir='ltr'>rrnru</span> <span class='ocrx_word' id='word_1_158' title='bbox 383 2756 510 2821; x_wconf 81' lang='lat' dir='ltr'>Petrum</span> <span class='ocrx_word' id='word_1_159' title='bbox 523 2751 562 2818; x_wconf 90' lang='lat' dir='ltr'>de</span> <span class='ocrx_word' id='word_1_160' title='bbox 575 2748 715 2831; x_wconf 80' lang='lat' dir='ltr'>iteratio,</span> <span class='ocrx_word' id='word_1_161' title='bbox 733 2751 890 2819; x_wconf 86' lang='lat' dir='ltr'>decanum</span> <span class='ocrx_word' id='word_1_162' title='bbox 910 2749 1172 2839; x_wconf 77' lang='lat' dir='ltr'>Magdnuousem,</span> <span class='ocrx_word' id='word_1_163' title='bbox 1191 2763 1223 2819; x_wconf 91' lang='lat' dir='ltr'>et</span> <span class='ocrx_word' id='word_1_164' title='bbox 1243 2748 1411 2821; x_wconf 90' lang='lat' dir='ltr'>dominum</span> 
     </span>
     <span class='ocr_line' id='line_1_20' title="bbox 292 2861 1414 2957; baseline 0 -20"><span class='ocrx_word' id='word_1_165' title='bbox 292 2866 494 2957; x_wconf 81' lang='lat' dir='ltr'>ttaduipirum</span> <span class='ocrx_word' id='word_1_166' title='bbox 514 2864 555 2935; x_wconf 90' lang='lat' dir='ltr'>de</span> <span class='ocrx_word' id='word_1_167' title='bbox 575 2862 760 2947; x_wconf 74' lang='lat' dir='ltr'>(liciniaco,</span> <span class='ocrx_word' id='word_1_168' title='bbox 785 2862 1047 2934; x_wconf 84' lang='lat' dir='ltr'>archidiaconum</span> <span class='ocrx_word' id='word_1_169' title='bbox 1070 2861 1294 2948; x_wconf 79' lang='lat' dir='ltr'>Parisieusem,</span> <span class='ocrx_word' id='word_1_170' title='bbox 1319 2888 1338 2937; x_wconf 90' lang='lat' dir='ltr'>a</span> <span class='ocrx_word' id='word_1_171' title='bbox 1356 2888 1414 2937; x_wconf 94' lang='lat' dir='ltr'>no·</span> 
     </span>
     <span class='ocr_line' id='line_1_21' title="bbox 290 2978 1413 3074; baseline -0.001 -20"><span class='ocrx_word' id='word_1_172' title='bbox 290 2983 340 3055; x_wconf 76' lang='lat' dir='ltr'>lais</span> <span class='ocrx_word' id='word_1_173' title='bbox 359 2999 389 3053; x_wconf 89' lang='lat' dir='ltr'>ct</span> <span class='ocrx_word' id='word_1_174' title='bbox 411 2980 506 3053; x_wconf 68' lang='lat' dir='ltr'>«litatis</span> <span class='ocrx_word' id='word_1_175' title='bbox 531 2984 654 3052; x_wconf 85' lang='lat' dir='ltr'>durauo</span> <span class='ocrx_word' id='word_1_176' title='bbox 686 2995 716 3051; x_wconf 86' lang='lat' dir='ltr'>ut</span> <span class='ocrx_word' id='word_1_177' title='bbox 750 2983 894 3074; x_wconf 80' lang='lat' dir='ltr'>capituto</span> <span class='ocrx_word' id='word_1_178' title='bbox 923 2978 1138 3051; x_wconf 88' lang='lat' dir='ltr'>corrnnuuitcr</span> <span class='ocrx_word' id='word_1_179' title='bbox 1159 2983 1298 3074; x_wconf 85' lang='lat' dir='ltr'>dcsupcr</span> <span class='ocrx_word' id='word_1_180' title='bbox 1326 2984 1413 3053; x_wconf 80' lang='lat' dir='ltr'>idoc-</span> 
     </span>
     <span class='ocr_line' id='line_1_22' title="bbox 291 3095 1413 3189; baseline -0.001 -19"><span class='ocrx_word' id='word_1_181' title='bbox 291 3114 357 3170; x_wconf 91' lang='lat' dir='ltr'>turn</span> <span class='ocrx_word' id='word_1_182' title='bbox 379 3098 406 3169; x_wconf 88' lang='lat' dir='ltr'>si</span> <span class='ocrx_word' id='word_1_183' title='bbox 434 3101 497 3168; x_wconf 92' lang='lat' dir='ltr'>dno</span> <span class='ocrx_word' id='word_1_184' title='bbox 518 3097 652 3189; x_wconf 83' lang='lat' dir='ltr'>prodictu</span> <span class='ocrx_word' id='word_1_185' title='bbox 672 3095 779 3167; x_wconf 83' lang='lat' dir='ltr'>arbitri</span> <span class='ocrx_word' id='word_1_186' title='bbox 797 3095 829 3166; x_wconf 94' lang='lat' dir='ltr'>in</span> <span class='ocrx_word' id='word_1_187' title='bbox 851 3120 946 3167; x_wconf 86' lang='lat' dir='ltr'>nnarn</span> <span class='ocrx_word' id='word_1_188' title='bbox 965 3120 1028 3166; x_wconf 93' lang='lat' dir='ltr'>uon</span> <span class='ocrx_word' id='word_1_189' title='bbox 1051 3110 1184 3188; x_wconf 81' lang='lat' dir='ltr'>possent</span> <span class='ocrx_word' id='word_1_190' title='bbox 1214 3100 1413 3169; x_wconf 89' lang='lat' dir='ltr'>concordare</span> 
     </span>
     <span class='ocr_line' id='line_1_23' title="bbox 289 3211 1414 3303; baseline -0.002 -18"><span class='ocrx_word' id='word_1_191' title='bbox 289 3213 501 3293; x_wconf 85' lang='lat' dir='ltr'>sentenciam,</span> <span class='ocrx_word' id='word_1_192' title='bbox 515 3215 607 3301; x_wconf 87' lang='lat' dir='ltr'>cujus</span> <span class='ocrx_word' id='word_1_193' title='bbox 622 3211 780 3282; x_wconf 88' lang='lat' dir='ltr'>sententia</span> <span class='ocrx_word' id='word_1_194' title='bbox 792 3235 864 3281; x_wconf 92' lang='lat' dir='ltr'>cum</span> <span class='ocrx_word' id='word_1_195' title='bbox 878 3215 978 3282; x_wconf 85' lang='lat' dir='ltr'>attero</span> <span class='ocrx_word' id='word_1_196' title='bbox 990 3211 1207 3302; x_wconf 86' lang='lat' dir='ltr'>predictorum</span> <span class='ocrx_word' id='word_1_197' title='bbox 1222 3214 1414 3303; x_wconf 78' lang='lat' dir='ltr'>prevaleret,</span> 
     </span>
     <span class='ocr_line' id='line_1_24' title="bbox 290 3322 1415 3418; baseline -0.004 -19"><span class='ocrx_word' id='word_1_198' title='bbox 290 3350 387 3418; x_wconf 86' lang='lat' dir='ltr'>snper</span> <span class='ocrx_word' id='word_1_199' title='bbox 406 3325 557 3395; x_wconf 85' lang='lat' dir='ltr'>omnibus</span> <span class='ocrx_word' id='word_1_200' title='bbox 572 3340 603 3395; x_wconf 91' lang='lat' dir='ltr'>ct</span> <span class='ocrx_word' id='word_1_201' title='bbox 623 3324 759 3414; x_wconf 78' lang='lat' dir='ltr'>singuiis</span> <span class='ocrx_word' id='word_1_202' title='bbox 780 3323 932 3415; x_wconf 91' lang='lat' dir='ltr'>predictis</span> <span class='ocrx_word' id='word_1_203' title='bbox 957 3322 1187 3395; x_wconf 80' lang='lat' dir='ltr'>controuersiis</span> <span class='ocrx_word' id='word_1_204' title='bbox 1205 3324 1415 3417; x_wconf 88' lang='lat' dir='ltr'>compromit-</span> 
     </span>
     <span class='ocr_line' id='line_1_25' title="bbox 290 3436 1415 3530; baseline -0.002 -21"><span class='ocrx_word' id='word_1_205' title='bbox 290 3441 388 3510; x_wconf 90' lang='lat' dir='ltr'>timus</span> <span class='ocrx_word' id='word_1_206' title='bbox 409 3461 486 3530; x_wconf 88' lang='lat' dir='ltr'>paco</span> <span class='ocrx_word' id='word_1_207' title='bbox 507 3442 554 3509; x_wconf 86' lang='lat' dir='ltr'>rcl</span> <span class='ocrx_word' id='word_1_208' title='bbox 571 3438 692 3529; x_wconf 87' lang='lat' dir='ltr'>judicio</span> <span class='ocrx_word' id='word_1_209' title='bbox 710 3461 727 3508; x_wconf 91' lang='lat' dir='ltr'>a</span> <span class='ocrx_word' id='word_1_210' title='bbox 747 3438 843 3508; x_wconf 86' lang='lat' dir='ltr'>dictis</span> <span class='ocrx_word' id='word_1_211' title='bbox 872 3436 1001 3508; x_wconf 86' lang='lat' dir='ltr'>arbitris</span> <span class='ocrx_word' id='word_1_212' title='bbox 1028 3438 1251 3509; x_wconf 86' lang='lat' dir='ltr'>terminandis.</span> <span class='ocrx_word' id='word_1_213' title='bbox 1278 3437 1415 3509; x_wconf 77' lang='lat' dir='ltr'>Promit-</span> 
     </span>
     <span class='ocr_line' id='line_1_26' title="bbox 291 3550 1413 3642; baseline 0.001 -20"><span class='ocrx_word' id='word_1_214' title='bbox 291 3568 409 3634; x_wconf 89' lang='lat' dir='ltr'>tentcs,</span> <span class='ocrx_word' id='word_1_215' title='bbox 429 3565 515 3624; x_wconf 87' lang='lat' dir='ltr'>etc...</span> <span class='ocrx_word' id='word_1_216' title='bbox 538 3550 715 3637; x_wconf 77' lang='lat' dir='ltr'>Quin-tritri</span> <span class='ocrx_word' id='word_1_217' title='bbox 737 3574 831 3620; x_wconf 89' lang='lat' dir='ltr'>snnm</span> <span class='ocrx_word' id='word_1_218' title='bbox 852 3552 969 3621; x_wconf 74' lang='lat' dir='ltr'>«debent</span> <span class='ocrx_word' id='word_1_219' title='bbox 987 3554 1127 3642; x_wconf 75' lang='lat' dir='ltr'>prolerre</span> <span class='ocrx_word' id='word_1_220' title='bbox 1145 3550 1311 3621; x_wconf 88' lang='lat' dir='ltr'>ariritriunr</span> <span class='ocrx_word' id='word_1_221' title='bbox 1332 3550 1413 3623; x_wconf 78' lang='lat' dir='ltr'>inira</span> 
     </span>
     <span class='ocr_line' id='line_1_27' title="bbox 292 3662 1414 3759; baseline -0.003 -20"><span class='ocrx_word' id='word_1_222' title='bbox 292 3667 550 3759; x_wconf 79' lang='lat' dir='ltr'>Assuruptionern</span> <span class='ocrx_word' id='word_1_223' title='bbox 565 3670 657 3737; x_wconf 80' lang='lat' dir='ltr'>beate</span> <span class='ocrx_word' id='word_1_224' title='bbox 678 3666 770 3737; x_wconf 79' lang='lat' dir='ltr'>diario</span> <span class='ocrx_word' id='word_1_225' title='bbox 790 3663 920 3755; x_wconf 76' lang='lat' dir='ltr'>uirginis</span> <span class='ocrx_word' id='word_1_226' title='bbox 948 3662 1093 3757; x_wconf 81' lang='lat' dir='ltr'>proximo</span> <span class='ocrx_word' id='word_1_227' title='bbox 1112 3680 1288 3737; x_wconf 81' lang='lat' dir='ltr'>venaturam.</span> <span class='ocrx_word' id='word_1_228' title='bbox 1315 3669 1414 3739; x_wconf 79' lang='lat' dir='ltr'>uoto-</span> 
     </span>
     <span class='ocr_line' id='line_1_28' title="bbox 292 3778 1415 3875; baseline 0.001 -23"><span class='ocrx_word' id='word_1_229' title='bbox 292 3807 365 3852; x_wconf 85' lang='lat' dir='ltr'>mus</span> <span class='ocrx_word' id='word_1_230' title='bbox 388 3795 495 3852; x_wconf 91' lang='lat' dir='ltr'>autem</span> <span class='ocrx_word' id='word_1_231' title='bbox 524 3795 556 3851; x_wconf 84' lang='lat' dir='ltr'>et</span> <span class='ocrx_word' id='word_1_232' title='bbox 585 3779 795 3851; x_wconf 85' lang='lat' dir='ltr'>concedimus</span> <span class='ocrx_word' id='word_1_233' title='bbox 815 3782 901 3871; x_wconf 80' lang='lat' dir='ltr'>‹pnod</span> <span class='ocrx_word' id='word_1_234' title='bbox 916 3778 959 3863; x_wconf 89' lang='lat' dir='ltr'>si,</span> <span class='ocrx_word' id='word_1_235' title='bbox 977 3781 1139 3871; x_wconf 86' lang='lat' dir='ltr'>pendente</span> <span class='ocrx_word' id='word_1_236' title='bbox 1158 3779 1245 3852; x_wconf 92' lang='lat' dir='ltr'>dicto</span> <span class='ocrx_word' id='word_1_237' title='bbox 1264 3804 1415 3875; x_wconf 88' lang='lat' dir='ltr'>compro-</span> 
     </span>
     <span class='ocr_line' id='line_1_29' title="bbox 291 3892 1413 3987; baseline 0.001 -20"><span class='ocrx_word' id='word_1_238' title='bbox 291 3899 406 3979; x_wconf 88' lang='lat' dir='ltr'>misso,</span> <span class='ocrx_word' id='word_1_239' title='bbox 424 3898 528 3987; x_wconf 80' lang='lat' dir='ltr'>atirpra</span> <span class='ocrx_word' id='word_1_240' title='bbox 541 3894 674 3987; x_wconf 85' lang='lat' dir='ltr'>justicia</span> <span class='ocrx_word' id='word_1_241' title='bbox 689 3893 719 3964; x_wconf 95' lang='lat' dir='ltr'>in</span> <span class='ocrx_word' id='word_1_242' title='bbox 736 3894 809 3965; x_wconf 82' lang='lat' dir='ltr'>uitta</span> <span class='ocrx_word' id='word_1_243' title='bbox 829 3898 869 3964; x_wconf 88' lang='lat' dir='ltr'>dc</span> <span class='ocrx_word' id='word_1_244' title='bbox 889 3896 1022 3965; x_wconf 80' lang='lat' dir='ltr'>Noomin</span> <span class='ocrx_word' id='word_1_245' title='bbox 1040 3892 1180 3965; x_wconf 88' lang='lat' dir='ltr'>crcrrerit</span> <span class='ocrx_word' id='word_1_246' title='bbox 1201 3892 1345 3967; x_wconf 80' lang='lat' dir='ltr'>iacienda</span> <span class='ocrx_word' id='word_1_247' title='bbox 1357 3918 1413 3969; x_wconf 82' lang='lat' dir='ltr'>ru·</span> 
     </span>
     <span class='ocr_line' id='line_1_30' title="bbox 293 4006 1414 4105; baseline 0.001 -24"><span class='ocrx_word' id='word_1_248' title='bbox 293 4034 349 4105; x_wconf 84' lang='lat' dir='ltr'>pcr</span> <span class='ocrx_word' id='word_1_249' title='bbox 367 4011 431 4082; x_wconf 85' lang='lat' dir='ltr'>iilis</span> <span class='ocrx_word' id='word_1_250' title='bbox 451 4034 548 4103; x_wconf 90' lang='lat' dir='ltr'>super</span> <span class='ocrx_word' id='word_1_251' title='bbox 563 4010 679 4102; x_wconf 83' lang='lat' dir='ltr'>quibus</span> <span class='ocrx_word' id='word_1_252' title='bbox 696 4024 745 4080; x_wconf 87' lang='lat' dir='ltr'>cst</span> <span class='ocrx_word' id='word_1_253' title='bbox 765 4007 1049 4103; x_wconf 87' lang='lat' dir='ltr'>compromissum,</span> <span class='ocrx_word' id='word_1_254' title='bbox 1068 4012 1155 4101; x_wconf 76' lang='lat' dir='ltr'>«prod</span> <span class='ocrx_word' id='word_1_255' title='bbox 1181 4006 1265 4081; x_wconf 91' lang='lat' dir='ltr'>dicta</span> <span class='ocrx_word' id='word_1_256' title='bbox 1280 4010 1414 4103; x_wconf 76' lang='lat' dir='ltr'>justicia</span> 
     </span>
     <span class='ocr_line' id='line_1_31' title="bbox 293 4124 1414 4220; baseline 0 -22"><span class='ocrx_word' id='word_1_257' title='bbox 293 4151 348 4220; x_wconf 84' lang='lat' dir='ltr'>per</span> <span class='ocrx_word' id='word_1_258' title='bbox 371 4150 486 4197; x_wconf 86' lang='lat' dir='ltr'>uranus</span> <span class='ocrx_word' id='word_1_259' title='bbox 515 4128 672 4195; x_wconf 83' lang='lat' dir='ltr'>dictorum</span> <span class='ocrx_word' id='word_1_260' title='bbox 698 4124 887 4195; x_wconf 84' lang='lat' dir='ltr'>arbitrorum</span> <span class='ocrx_word' id='word_1_261' title='bbox 912 4138 1111 4195; x_wconf 80' lang='lat' dir='ltr'>exerceatur.</span> <span class='ocrx_word' id='word_1_262' title='bbox 1145 4128 1275 4195; x_wconf 86' lang='lat' dir='ltr'>Necnon</span> <span class='ocrx_word' id='word_1_263' title='bbox 1295 4147 1414 4199; x_wconf 90' lang='lat' dir='ltr'>conce-</span> 
     </span>
     <span class='ocr_line' id='line_1_32' title="bbox 292 4238 1415 4330; baseline 0.002 -19"><span class='ocrx_word' id='word_1_264' title='bbox 292 4242 398 4311; x_wconf 87' lang='lat' dir='ltr'>dimus</span> <span class='ocrx_word' id='word_1_265' title='bbox 412 4255 445 4311; x_wconf 88' lang='lat' dir='ltr'>et</span> <span class='ocrx_word' id='word_1_266' title='bbox 460 4244 608 4311; x_wconf 84' lang='lat' dir='ltr'>rutrrmns</span> <span class='ocrx_word' id='word_1_267' title='bbox 627 4242 712 4329; x_wconf 77' lang='lat' dir='ltr'>quod</span> <span class='ocrx_word' id='word_1_268' title='bbox 728 4262 826 4330; x_wconf 91' lang='lat' dir='ltr'>supor</span> <span class='ocrx_word' id='word_1_269' title='bbox 849 4238 996 4329; x_wconf 86' lang='lat' dir='ltr'>inqucsta</span> <span class='ocrx_word' id='word_1_270' title='bbox 1016 4242 1098 4309; x_wconf 83' lang='lat' dir='ltr'>tacta</span> <span class='ocrx_word' id='word_1_271' title='bbox 1122 4242 1163 4309; x_wconf 88' lang='lat' dir='ltr'>dc</span> <span class='ocrx_word' id='word_1_272' title='bbox 1186 4239 1338 4311; x_wconf 86' lang='lat' dir='ltr'>mandato</span> <span class='ocrx_word' id='word_1_273' title='bbox 1357 4242 1415 4313; x_wconf 89' lang='lat' dir='ltr'>do-</span> 
     </span>
     <span class='ocr_line' id='line_1_33' title="bbox 292 4350 1416 4444; baseline 0.001 -19"><span class='ocrx_word' id='word_1_274' title='bbox 292 4355 369 4425; x_wconf 91' lang='lat' dir='ltr'>mini</span> <span class='ocrx_word' id='word_1_275' title='bbox 391 4353 476 4443; x_wconf 78' lang='lat' dir='ltr'>regis</span> <span class='ocrx_word' id='word_1_276' title='bbox 500 4376 598 4444; x_wconf 84' lang='lat' dir='ltr'>snper</span> <span class='ocrx_word' id='word_1_277' title='bbox 616 4354 711 4423; x_wconf 87' lang='lat' dir='ltr'>dictis</span> <span class='ocrx_word' id='word_1_278' title='bbox 741 4352 951 4424; x_wconf 88' lang='lat' dir='ltr'>tensamcntis</span> <span class='ocrx_word' id='word_1_279' title='bbox 974 4354 1061 4423; x_wconf 81' lang='lat' dir='ltr'>saduc</span> <span class='ocrx_word' id='word_1_280' title='bbox 1087 4352 1153 4423; x_wconf 84' lang='lat' dir='ltr'>rint</span> <span class='ocrx_word' id='word_1_281' title='bbox 1170 4350 1318 4425; x_wconf 82' lang='lat' dir='ltr'>raciones</span> <span class='ocrx_word' id='word_1_282' title='bbox 1338 4356 1416 4425; x_wconf 80' lang='lat' dir='ltr'>irinc</span> 
     </span>
     <span class='ocr_line' id='line_1_34' title="bbox 291 4464 1414 4557; baseline 0.001 -19"><span class='ocrx_word' id='word_1_283' title='bbox 291 4484 323 4539; x_wconf 91' lang='lat' dir='ltr'>et</span> <span class='ocrx_word' id='word_1_284' title='bbox 337 4470 423 4553; x_wconf 88' lang='lat' dir='ltr'>inde,</span> <span class='ocrx_word' id='word_1_285' title='bbox 443 4467 535 4537; x_wconf 76' lang='lat' dir='ltr'>sicuti</span> <span class='ocrx_word' id='word_1_286' title='bbox 548 4471 634 4537; x_wconf 85' lang='lat' dir='ltr'>satrc</span> <span class='ocrx_word' id='word_1_287' title='bbox 653 4479 743 4537; x_wconf 90' lang='lat' dir='ltr'>erant</span> <span class='ocrx_word' id='word_1_288' title='bbox 759 4470 791 4536; x_wconf 89' lang='lat' dir='ltr'>in</span> <span class='ocrx_word' id='word_1_289' title='bbox 812 4466 898 4536; x_wconf 85' lang='lat' dir='ltr'>curia</span> <span class='ocrx_word' id='word_1_290' title='bbox 918 4464 1041 4536; x_wconf 87' lang='lat' dir='ltr'>domiai</span> <span class='ocrx_word' id='word_1_291' title='bbox 1055 4466 1152 4555; x_wconf 81' lang='lat' dir='ltr'>regis,</span> <span class='ocrx_word' id='word_1_292' title='bbox 1173 4480 1206 4537; x_wconf 86' lang='lat' dir='ltr'>et</span> <span class='ocrx_word' id='word_1_293' title='bbox 1224 4467 1310 4557; x_wconf 80' lang='lat' dir='ltr'>quod</span> <span class='ocrx_word' id='word_1_294' title='bbox 1325 4468 1414 4539; x_wconf 81' lang='lat' dir='ltr'>dicta</span> 
     </span>
     <span class='ocr_line' id='line_1_35' title="bbox 292 4576 1416 4677; baseline 0.001 -26"><span class='ocrx_word' id='word_1_295' title='bbox 292 4581 441 4677; x_wconf 83' lang='lat' dir='ltr'>impncsta</span> <span class='ocrx_word' id='word_1_296' title='bbox 453 4584 554 4650; x_wconf 85' lang='lat' dir='ltr'>ratcat</span> <span class='ocrx_word' id='word_1_297' title='bbox 573 4602 681 4653; x_wconf 91' lang='lat' dir='ltr'>coraru</span> <span class='ocrx_word' id='word_1_298' title='bbox 695 4578 790 4651; x_wconf 85' lang='lat' dir='ltr'>dictis</span> <span class='ocrx_word' id='word_1_299' title='bbox 812 4578 943 4653; x_wconf 85' lang='lat' dir='ltr'>arbitris</span> <span class='ocrx_word' id='word_1_300' title='bbox 963 4602 1000 4649; x_wconf 87' lang='lat' dir='ltr'>ac</span> <span class='ocrx_word' id='word_1_301' title='bbox 1019 4576 1046 4649; x_wconf 85' lang='lat' dir='ltr'>si</span> <span class='ocrx_word' id='word_1_302' title='bbox 1063 4582 1145 4655; x_wconf 77' lang='lat' dir='ltr'>tacu</span> <span class='ocrx_word' id='word_1_303' title='bbox 1173 4594 1262 4653; x_wconf 79' lang='lat' dir='ltr'>erret</span> <span class='ocrx_word' id='word_1_304' title='bbox 1288 4582 1330 4651; x_wconf 78' lang='lat' dir='ltr'>ab</span> <span class='ocrx_word' id='word_1_305' title='bbox 1348 4580 1416 4657; x_wconf 79' lang='lat' dir='ltr'>eir-</span> 
     </span>
    </p>
   </div>
   <div class='ocr_carea' id='block_1_3' title="bbox 0 0 1719 5490">
    <p class='ocr_par' dir='ltr' id='par_1_3' title="bbox 0 0 1719 5490">
     <span class='ocr_line' id='line_1_36' title="bbox 0 0 1719 5490; baseline 0 0"><span class='ocrx_word' id='word_1_306' title='bbox 0 0 1719 5490; x_wconf 95' lang='lat' dir='ltr'> </span> 
     </span>
    </p>
   </div>
  </div>
 </body>
</html>
