3420 5490
771 618 808 629 ..
830 581 870 646 pp
890 616 929 631 -

289 722 409 780 nostrae
429 709 656 802 praeceptionis
677 708 899 782 auctoritatem
916 712 1069 802 jubemus
1088 722 1119 780 et
1139 707 1273 780 omnino
1303 711 1414 782 decor·

290 821 397 893 nimus
417 838 464 907 ut,
486 823 569 895 sieut
593 828 633 894 ab
652 829 767 894 eodem
787 823 940 914 episeopo
960 845 1017 913 per
1045 836 1256 892 memoratum
1286 823 1414 914 privile·

289 935 375 1026 glum
396 958 470 1026 erga
486 941 643 1007 eandem¹
660 939 774 1007 cellam
794 935 1006 1006 constitutum
1022 949 1085 1021 est,
1114 934 1156 1005 ita
1173 933 1293 1006 nostris
1325 941 1411 1007 lutu-

288 1046 398 1138 risque
420 1051 622 1139 temporibus
659 1072 676 1119 a
704 1047 882 1119 rectoribus
913 1062 1097 1118 memoratae
1132 1046 1281 1118 eeclesiae
1307 1047 1413 1119 modis

288 1158 439 1230 omnibus
459 1164 659 1241 observetur,
682 1159 722 1230 ita
742 1163 904 1230 dumtaxat
930 1173 965 1229 ut
984 1160 1015 1228 iu
1035 1162 1162 1250 praelata
1182 1162 1277 1243 oolla,
1298 1163 1331 1230 in
1350 1183 1413 1251 qua

289 1273 367 1343 olim
389 1276 545 1365 quosdam
566 1288 696 1344 sanctos
726 1274 809 1344 viros
838 1277 898 1343 snb
918 1275 1096 1344 monastico
1120 1276 1233 1345 ordine
1263 1276 1413 1366 probabi·

291 1387 361 1456 liter
381 1385 496 1458 vixisse
520 1391 651 1476 [leoque
672 1385 831 1477 placuisse
850 1383 1008 1456 evidentia
1032 1400 1219 1476 argumenta
1240 1399 1410 1471 testantur,

288 1522 426 1590 quorum
445 1498 540 1569 etiam
562 1498 740 1568 interventu
762 1499 845 1568 idern
876 1500 954 1568 ordo
979 1497 1010 1567 in
1036 1500 1149 1569 eodem
1171 1502 1241 1569 loeo
1266 1500 1413 1570 creditur

290 1632 364 1682 esso
395 1611 574 1696 restitutus,
605 1622 790 1681 memoratae
815 1609 902 1681 sedis
929 1609 1133 1701 pontificibus
1154 1610 1411 1702 procurantibus,

290 1745 419 1815 semper
432 1723 588 1815 regularis
603 1726 682 1794 ordo
697 1721 939 1810 religiosissime
960 1738 1106 1794 teneatur
1128 1746 1165 1793 ao
1188 1723 1388 1794 custodiatur
1403 1748 1413 1808 3

290 1850 408 1908 etcum
439 1842 538 1908 abbas
573 1837 676 1929 ipsius
705 1837 892 1907 monasterii
931 1839 1028 1907 rebus
1060 1837 1208 1907 bumauis
1246 1851 1415 1928 exemptus

290 1950 396 2034 luerit,
420 1950 605 2043 providente
626 1954 772 2044 ejusdem
792 1951 879 2022 sedis
904 1948 1054 2042 pontibce
1074 1972 1110 2020 ae
1131 1949 1214 2043 piam
1235 1964 1415 2042 paternam·

289 2088 353 2156 quo
369 2064 620 2138 sollicitudiuem
641 2079 784 2156 gerente,
813 2087 851 2136 eo
882 2063 994 2135 ordine
1019 2068 1205 2156 proleratur
1232 2063 1280 2136 eis
1300 2067 1413 2153 abbas,

289 2181 375 2251 sicut
395 2179 427 2248 in
456 2181 571 2250 eodom
599 2177 781 2250 continetur
807 2177 983 2271 privilegio.
1006 2182 1068 2249 llos
1089 2200 1231 2269 quoque,
1256 2177 1323 2249 sive
1343 2203 1416 2270 quse

290 2293 394 2365 eidem
404 2296 492 2364 oollae
510 2297 597 2386 juste
616 2307 648 2363 ot
667 2291 811 2384 legaiiter
832 2292 1004 2384 portinent,
1025 2315 1099 2363 eum
1121 2293 1249 2386 prudiis
1274 2295 1414 2380 duobus,

290 2406 450 2494 Quasellis
461 2407 584 2478 scilieet
596 2422 629 2479 et
644 2412 799 2479 Castonoo
814 2407 925 2492 villari,
938 2408 1005 2479 sive
1016 2431 1087 2499 quae
1099 2408 1226 2479 eidem²
1241 2411 1415 2502 episeopus

291 2536 414 2613 postea,
437 2524 477 2591 de
502 2544 597 2592 causa
626 2521 781 2613 episcopii
813 2522 877 2604 sui,
910 2524 949 2591 de
985 2523 1107 2592 ratione
1129 2523 1254 2592 scilieet
1281 2522 1414 2594 alterius

291 2636 382 2706 oollae
414 2633 517 2704 saneti
546 2633 713 2714 llarimiui,
748 2636 787 2703 ad
817 2632 958 2703 divinum
979 2632 1119 2703 odicium
1149 2633 1415 2705 bonorilleentius

291 2748 507 2838 peragentium
527 2745 556 2816 ei
576 2744 806 2835 superaddidit,
829 2745 860 2813 in
880 2747 1039 2833 integrum
1063 2748 1185 2834 absque
1214 2747 1276 2815 ulla
1297 2745 1346 2815 sui
1365 2747 1412 2815 di·

290 2857 481 2941 minutione,
502 2856 585 2927 siout
600 2860 639 2926 ab
655 2878 694 2927 eo
708 2856 918 2927 constitutum
939 2872 1000 2941 est,
1018 2856 1050 2925 in
1072 2879 1150 2926 usus
1179 2859 1410 2928 mouoolvorum

290 2973 418 3042 sedant.
435 2971 528 3056 Quod
548 2968 575 3040 si
597 2975 676 3039 lorto
697 2968 745 3039 bis
766 2972 861 3039 robus
875 2985 1003 3061 proptor
1016 2967 1072 3039 bei
1097 2992 1239 3040 amorem
1259 2972 1416 3062 episeopo

290 3084 393 3178 ipsius
428 3083 514 3155 sodis
552 3081 737 3176 quippiam³
769 3085 984 3173 superaddere
1020 3083 1158 3170 libuerit,
1191 3085 1222 3154 id
1246 3107 1318 3155 ounv
1359 3083 1415 3155 llei

290 3199 403 3291 gratia,
443 3201 636 3288 suffragante
666 3196 726 3267 sibi
761 3197 933 3287 pontilieali
965 3197 1167 3282 auctoritato,
1203 3197 1416 3269 libentissimo

291 3326 432 3402 peragat.
447 3315 482 3380 lu
495 3310 521 3379 si
542 3314 621 3379 lorte
642 3313 703 3379 boo
717 3313 746 3379 ei
768 3314 871 3379 lacere
890 3325 922 3378 et
943 3313 1089 3379 voluutas
1116 3324 1148 3380 et
1164 3314 1297 3379 lacultas
1318 3314 1414 3380 ‹leno-

290 3423 424 3515 gavorit‚
445 3426 485 3493 de
505 3421 555 3493 bis
575 3445 648 3513 quae
668 3425 879 3492 oollataesunt
899 3420 995 3491 rviebil
1015 3435 1071 3491 aut
1089 3420 1264 3512 eupiditate
1284 3424 1414 3505 ductus,

290 3552 345 3608 aut
371 3535 507 3627 alicujus
534 3537 743 3627 persuasione
763 3557 944 3605 suscensus
975 3533 1118 3626 quolibet
1147 3539 1242 3604 modo
1271 3538 1415 3620 anlerat;

290 3653 347 3721 sed
363 3650 468 3743 potius
489 3649 636 3719 monaclvi
664 3650 764 3740 ipsius
785 3652 874 3719 celles
904 3647 954 3719 bis
979 3663 1009 3719 ot
1036 3647 1153 3720 ceteris
1182 3653 1279 3720 rebus
1310 3673 1326 3718 a
1358 3648 1415 3721 uei

290 3764 478 3835 timentibus
497 3763 557 3833 sibi
578 3764 701 3833 collatis
731 3763 906 3852 suffragati,
940 3763 1071 3833 liberius
1099 3765 1309 3854 devotiusque
1337 3760 1417 3833 divi·

290 3900 340 3947 nae
361 3875 512 3968 potentiae
532 3877 674 3946 lamulari
693 3877 831 3958 valeant,
856 3890 888 3945 et
907 3897 963 3965 pro
981 3874 1086 3956 uobis,
1105 3878 1241 3967 conjuge
1259 3890 1292 3946 et
1312 3878 1414 3966 prole,

290 4007 321 4062 et
340 3990 513 4063 stabilitate
532 3988 655 4081 imperii
676 4013 693 4062 a
720 3994 789 4061 Deo
814 3988 907 4060 nobis
937 3989 1056 4071 collati,
1084 4005 1116 4060 et
1142 4013 1199 4081 per
1221 3988 1414 4063 immensum

327 4396 335 4432 ⁸
357 4396 435 4469 Spr'o.
452 4398 581 4451 sandoro.
810 4411 843 4460 w,

324 4483 336 4518 ¹
353 4484 433 4556 δρία.
447 4483 532 4541 lolem.

325 4571 338 4606 ⁸
355 4572 433 4642 δρία.
454 4572 608 4644 quidpiam.
