3420 5490
771 1104 914 1169 CXLVH!

747 1381 831 1492 Mare
866 1426 945 1493 tros

289 1707 402 1765 dmaud
414 1707 522 1765 Portier
534 1713 561 1765 et
575 1724 606 1763 se
616 1708 721 1763 semme
735 1709 875 1777 engagsnt
886 1720 923 1761 sn
936 1702 1062 1775 chapitre
1074 1717 1147 1776 pour
1160 1700 1197 1758 w
1208 1699 1292 1757 lirrea
1311 1697 1412 1772 parisis

519 1803 560 1860 iss
573 1801 693 1874 grandes
707 1805 737 1858 st
750 1807 867 1856 mendas
878 1798 969 1855 dtmss
983 1797 1018 1854 de
1032 1798 1179 1868 Donnorp.

590 1948 682 2019 (Orig.
703 1946 788 2015 Arch.
803 1945 842 2001 dn
856 1944 962 2015 Loirct,
977 1943 1011 2002 G.
1027 1941 1101 2012 324).

336 2191 508 2270 Nanassos,
532 2185 588 2257 Dei
609 2184 710 2276 gratia
730 2182 968 2256 Aurelianensis
986 2182 1174 2275 episcopus,
1194 2179 1347 2255 omnibns
1372 2183 1413 2253 ad

292 2324 372 2391 qnos
392 2312 558 2392 presentes
578 2297 681 2371 littere
696 2296 898 2391 pervenerint
915 2300 1050 2369 satutem
1080 2295 1113 2367 in
1152 2294 1303 2369 Domino.
1338 2296 1413 2370 Uni-

294 2416 430 2486 rersitati
452 2427 554 2487 vestro
567 2428 678 2486 notnm
697 2411 832 2485 facimus
847 2414 1029 2484 Ernandnm
1041 2411 1218 2484 Porterinm
1233 2424 1265 2483 et
1278 2434 1409 2484 uxorem

292 2529 394 2622 ipsios
414 2528 544 2601 nomino
562 2527 737 2601 Beatricom
757 2525 909 2618 quicquid
936 2529 1062 2599 decime
1081 2549 1198 2619 magne
1228 2525 1351 2599 scilicet
1383 2539 1416 2598 et

293 2645 413 2713 minute
431 2642 462 2711 in
483 2642 648 2733 parrochia
664 2644 705 2711 de
728 2639 900 2712 Donisiaco
927 2638 1095 2731 possident
1120 2638 1262 2732 capitulo
1295 2644 1413 2711 Sancte

293 2754 401 2823 Crucis
421 2777 478 2843 pro
496 2752 623 2843 triginta
644 2753 732 2822 tibris
753 2751 978 2843 parisiensium
1004 2751 1128 2841 integre
1156 2750 1249 2822 titolo
1269 2751 1413 2842 pignoris

291 2868 465 2956 obligasse,
485 2867 528 2936 ita
548 2867 634 2955 qnod
655 2863 686 2934 in
719 2877 828 2936 nostra
860 2863 1058 2937 constitutus
1088 2878 1223 2955 uterque
1254 2864 1416 2958 presentia

291 3002 388 3073 snper
405 2979 613 3072 garantienda
632 2978 772 3072 capituto
787 2978 912 3050 decima
939 2978 1147 3072 corporaiiter
1185 2980 1280 3051 fidem
1312 2978 1413 3052 dedit.

288 3092 455 3165 Gantridns
475 3093 570 3166 etiam
602 3096 643 3164 de
680 3091 844 3166 Suliniaco
877 3092 983 3176 mites,
1022 3096 1063 3165 de
1096 3095 1189 3185 cnjus
1218 3095 1313 3166 ieodo
1345 3093 1414 3188 ipsa

289 3223 394 3281 movet
412 3210 550 3291 decima,
577 3212 661 3281 hanc
694 3207 923 3301 obligationem
954 3208 1080 3281 decime
1111 3207 1310 3301 approbarit,
1340 3232 1416 3301 pro-

289 3321 406 3394 mitens
426 3322 558 3395 firmiter
577 3346 685 3395 coram
706 3321 800 3394 nobis
817 3324 902 3412 qnod
923 3322 1058 3394 eandem
1076 3323 1235 3395 decimam
1249 3324 1333 3394 bona
1347 3325 1409 3395 fide

288 3435 427 3528 capituto
440 3437 625 3526 garantiret.
649 3439 741 3522 Quod
764 3449 798 3528 ut
819 3448 922 3505 ratum
941 3448 974 3506 et
995 3448 1106 3506 notum
1140 3447 1278 3520 maneat,
1315 3432 1412 3526 sigilii

288 3549 387 3620 nostri
407 3564 570 3621 caractere
589 3552 627 3619 ad
663 3548 850 3640 petitionem
885 3546 1021 3638 partinm
1053 3546 1187 3619 fecimus
1211 3550 1408 3619 confirmari.

287 3666 397 3733 derum
418 3685 503 3733 anno
521 3662 622 3753 gratie
642 3666 720 3733 ttcc
733 3661 885 3752 septimo,
901 3682 1014 3733 mense
1030 3662 1167 3732 martio.
