3420 5490
770 619 810 634 -
832 586 891 649 ¹00
909 618 949 632 .-

298 709 511 802 presentibus
532 723 594 781 tarn
609 711 737 795 luturis,
753 713 840 801 quod
858 709 991 782 veniens
1004 710 1035 779 in
1059 709 1254 802 presentiam
1275 686 1420 783 nostram

296 822 476 895 Aurelianis
495 821 692 904 liminaldus,
713 821 796 892 illius
827 825 982 913 Stephani
1011 821 1239 909 cratiaccnsis,
1267 841 1422 916 exparte

296 960 354 1008 sua
385 944 419 1007 cl
452 935 550 1027 patris
582 935 755 1026 matrisque
783 957 854 1021 sue,
894 934 1025 1005 instanti
1067 958 1161 1026 prece
1191 934 1420 1009 celsitudinem

295 1066 437 1122 nostram
453 1048 585 1141 expetiit
613 1064 646 1118 ut
666 1048 883 1130 concordiam,
908 1072 1004 1139 quarn
1030 1071 1104 1120 cum
1133 1049 1272 1121 ecclesie
1300 1054 1421 1123 Sancto

295 1163 407 1232 Crucis
427 1161 664 1232 Aurelianensis
683 1184 781 1252 super
810 1162 864 1230 din
882 1160 1002 1231 habitis
1020 1163 1191 1232 adversum
1214 1184 1252 1233 so
1276 1161 1421 1253 querelis

294 1274 498 1344 conuenienti
518 1271 708 1343 dillrnitione
727 1275 941 1354 lirmauerant,
962 1294 1037 1363 erga
1063 1272 1235 1344 ecclesiam
1263 1286 1296 1344 ct
1321 1296 1422 1345 cauo·

294 1389 387 1456 nicos
416 1385 447 1456 in
468 1408 566 1456 manu
596 1407 797 1476 caperemus,
818 1387 953 1476 ejusque
980 1387 1154 1456 concordie
1173 1399 1321 1457 tenorem
1348 1384 1420 1459 cri-

294 1497 382 1570 dcnti
410 1513 522 1571 nostre
552 1497 741 1569 munitionis
770 1498 803 1569 in
831 1497 987 1590 scriptum
1012 1497 1256 1590 designaremus
1285 1498 1415 1571 inditio.

294 1615 392 1705 Cujus
412 1637 472 1685 nos
483 1616 633 1705 precihus
653 1612 891 1684 racionabiliter
904 1625 1097 1699 annuentes,
1119 1617 1239 1684 honum
1259 1612 1411 1687 duximus

293 1740 325 1796 et
339 1730 486 1817 querelas
506 1750 604 1818 super
618 1725 735 1817 quihus
749 1740 966 1797 conuenerant
985 1727 1172 1796 summatim
1190 1724 1365 1817 attingere,
1387 1739 1422 1797 et

293 1835 338 1908 ita
366 1838 603 1931 competentius
627 1841 707 1911 inite
735 1842 866 1910 modum
898 1840 1072 1911 concordie
1101 1838 1218 1931 pariter
1245 1839 1419 1932 explicare.

293 1951 484 2043 llequirehat
499 1955 648 2045 prrulatus
667 1954 850 2044 Stephanus
864 1951 1078 2023 Cratiaccnsis
1107 1949 1140 2022 in
1160 1966 1278 2023 terrain
1297 1954 1419 2026 Sancte

293 2055 406 2136 Crucis
421 2068 662 2138 Aurelianensis
674 2068 715 2138 de
735 2067 913 2148 hlazaio,-
927 2077 959 2137 ct
976 2064 1018 2135 ita
1035 2064 1166 2157 quidem
1175 2064 1340 2157 sivejuste
1350 2066 1420 2140 sire

292 2178 410 2271 injuste
423 2183 554 2272 longum
575 2184 741 2264 habuerat,
754 2178 982 2271 -equitatum
1004 2178 1289 2271 quocienscunque
1308 2182 1420 2268 uellet,

293 2292 577 2386 quocienscunque
606 2296 828 2365 submoneret.
877 2291 1072 2384 llequirchat
1119 2297 1218 2365 etiarn
1267 2291 1419 2367 homines

294 2413 410 2481 Sancte
426 2412 550 2497 Crucis,
573 2432 611 2480 cx
628 2433 691 2501 quo
705 2410 905 2501 parrochiam
924 2425 957 2480 et
982 2406 1161 2480 hanleriam
1187 2406 1417 2483 llaziaoenscm

294 2523 428 2606 cxircnt,
459 2522 491 2594 in
511 2546 601 2609 suos,
636 2527 800 2594 uhirmans
833 2525 918 2614 quod
939 2522 990 2593 sni
1009 2524 1105 2614 jurisv
1120 2535 1243 2609 essent,
1270 2546 1418 2614 quocun·

293 2661 356 2731 que
376 2662 393 2709 a
414 2636 578 2731 parrochia
601 2636 653 2708 illa
673 2650 705 2708 ct
725 2635 868 2708 hanleria
889 2636 1073 2727 migrarent.
1096 2635 1287 2725 llequirehat
1307 2650 1416 2729 prete·

294 2775 347 2823 reu
364 2755 506 2836 llulctos,
522 2764 554 2822 ct
569 2775 698 2822 omnem
712 2773 823 2821 corum
844 2750 1044 2843 progeniem,
1064 2764 1095 2821 ct
1115 2748 1304 2821 llsimhuudi
1339 2754 1418 2823 l'as·

294 2869 381 2939 tonis
411 2867 442 2937 in
466 2882 548 2938 tcrra
575 2870 691 2938 Sancte
718 2864 830 2938 Crucis
850 2863 1073 2938 hereditatem.
1102 2867 1250 2937 Ceterum
1282 2865 1416 2937 tandem

292 2982 447 3056 decidens
467 2980 498 3052 in
519 2986 651 3067 lectum,
667 2980 781 3053 aninrac
804 3005 872 3053 susc
894 2980 1059 3073 prouidere
1077 2978 1265 3068 cousuluit3
1297 2995 1344 3067 ct,
1364 3004 1418 3053 rc·

292 3096 653 3187 cognoscensinjuriaru
665 3120 768 3176 suum,
786 3118 990 3188 quecunque
1006 3095 1037 3165 in
1049 3093 1242 3186 supradictis
1261 3096 1418 3170 omnihus

291 3211 359 3283 sire
374 3214 462 3302 juste
481 3210 548 3281 siro
567 3213 686 3299 injuste
705 3213 872 3296 habuerat,
888 3209 1037 3281 videlicet
1049 3211 1226 3300 equitatum
1246 3209 1287 3279 de
1300 3210 1415 3279 omni-

291 3326 352 3394 hos
368 3323 552 3395 hominihus
567 3321 598 3393 in
616 3337 697 3394 terra
729 3328 846 3393 Sancte
871 3320 983 3392 Crucis
1002 3322 1221 3408 manentibus,
1242 3323 1420 3412 cujuscun-

290 3461 352 3529 qne
383 3437 447 3509 sint
483 3437 676 3521 hominess
697 3438 864 3529 parrochia
893 3433 1078 3507 lluziaccnsi
1100 3449 1133 3505 et
1159 3432 1304 3506 hanleuis
1347 3434 1417 3510 siue

290 3550 468 3622 Cratiacum
484 3549 551 3621 sire
566 3551 708 3641 quolihet
721 3549 795 3619 alihi
816 3552 1049 3640 demigrantes,
1072 3550 1202 3619 lluletos
1230 3560 1264 3619 et
1283 3569 1416 3622 omnem

290 3688 401 3735 corum
432 3666 633 3754 progeniem,
658 3686 786 3734 omnem
817 3661 955 3752 deniquo
976 3660 1163 3733 lluiruhaudi
1197 3660 1345 3731 l‘astonis
1381 3664 1416 3733 in

291 3792 372 3851 terra
413 3784 529 3850 Sancte
560 3777 671 3849 Crucis
707 3776 930 3863 hereditatem,
967 3782 1089 3869 prelato
1119 3776 1255 3848 ecclesie
1285 3774 1357 3867 ipsc
1381 3792 1416 3848 et

290 3918 367 3965 uxor
387 3898 457 3985 ojus
477 3894 622 3964 hsrelina
648 3908 679 3963 et
701 3892 784 3962 lilius
804 3890 945 3982 ipsorum
967 3888 1139 3961 llcinnldus
1168 3892 1297 3983 penitus
1319 3888 1414 3961 dirui·

290 4025 413 4097 serunt,
441 4022 473 4079 ct
499 4008 594 4077 nichil
617 4023 805 4099 pter-potuum
832 4008 872 4076 dc
892 4003 1075 4096 hujusmodi
1103 4027 1177 4077 seso
1196 4002 1413 4097 requisituros

290 4123 488 4219 propriorum
526 4147 679 4194 ninnuurn
714 4126 897 4213 juramento
930 4126 1108 4192 lirrnarunt.
1144 4118 1297 4192 (huronici
1337 4142 1415 4193 vcro

288 4248 406 4313 Sancte
426 4242 550 4324 Crucis,
578 4264 635 4331 pto
667 4237 719 4309 tuli
748 4236 863 4328 injurie
887 4262 945 4308 suc
965 4237 1204 4320 rclormutionc,
1229 4239 1270 4307 rlc
1295 4234 1415 4328 capluli

288 4382 347 4430 suo
375 4373 511 4449 quatuor
539 4360 589 4426 ,lh
620 4354 716 4425 lihras
743 4368 774 4425 ct
803 4356 881 4427 l¹llll
910 4351 973 4423 illis
992 4354 1270 4437 condonaverunt,
1299 4364 1333 4423 ct
1363 4354 1413 4423 xt.

287 4476 384 4545 lihras
411 4472 542 4564 insuper
561 4483 593 4541 ct
620 4472 702 4541 drros
722 4472 844 4562 cyphos
863 4482 1033 4559 argenteos
1048 4470 1088 4538 de
1119 4466 1247 4560 proprio
1265 4470 1415 4540 contule·

287 4602 372 4659 ruut.
408 4589 500 4675 Quod
533 4600 567 4656 ut
595 4600 699 4656 ratuni
729 4583 1025 4675 inconcussumque
1054 4596 1252 4674 permaneat,
1284 4582 1413 4677 scripto
