3420 5490
765 1012 932 1076 cccuxlu

730 1309 770 1372 ts
791 1308 873 1373 avril
896 1307 974 1373 leue

288 1540 383 1598 llsnlo
397 1555 433 1596 au
451 1538 578 1612 clrrpitre
593 1554 644 1611 par
660 1538 731 1594 leun
745 1539 839 1595 Boron
857 1540 873 1595 d
888 1537 1017 1594 Tlrilsaud
1034 1538 1180 1608 d'Arrlon,
1195 1538 1298 1597 ricaire
1314 1540 1417 1613 perpe·

323 1635 383 1691 luel
401 1634 634 1705 tflsiutecrolx,
650 1634 734 1690 d'uue
750 1635 859 1690 maison
874 1633 931 1690 sisa
945 1633 1049 1692 dorent
1062 1634 1089 1690 le
1103 1634 1245 1691 cimctidrs
1257 1634 1294 1691 ds
1305 1634 1416 1693 Sululo-

324 1730 419 1802 Grorr,
433 1746 506 1802 pour
519 1729 556 1785 70
572 1730 656 1785 liures
668 1730 780 1802 parisis.

521 1873 611 1945 (orig.
626 1890 650 1932 s.
665 1873 762 1948 purch.
779 1872 865 1931 Arch.
881 1872 920 1930 du
935 1872 1041 1946 Loirot,
1060 1871 1095 1930 d.
1108 1870 1183 1943 md).

334 2113 495 2186 Universis
514 2127 684 2205 presentes
698 2114 822 2184 litteras
841 2110 1058 2205 inscripturis,
1076 2111 1225 2185 olllcialis
1243 2111 1332 2184 curie
1353 2116 1417 2185 du-

289 2227 628 2301 rclianeosissalutern
643 2227 675 2298 io
691 2227 843 2300 Domino.
870 2226 1030 2300 Noveritis
1047 2230 1135 2319 quod
1154 2225 1188 2299 iu
1207 2241 1318 2301 nostra
1341 2248 1416 2321 pre·

289 2341 393 2415 sentia
430 2343 597 2415 constituti
622 2346 786 2415 lolianues
820 2340 953 2413 Barouis
972 2342 1084 2415 senior
1108 2356 1141 2414 st
1164 2340 1321 2428 dmolioa,
1343 2344 1415 2435 sjus

290 2482 380 2546 uror,
397 2457 538 2531 confessi
559 2472 635 2530 sunt
654 2457 687 2529 in
704 2461 776 2551 jure
795 2480 905 2529 coram
918 2457 1012 2530 nobis
1031 2481 1068 2531 se
1087 2459 1287 2545 vendidisse,
1307 2459 1415 2551 quitr-

291 2572 377 2645 uisse
397 2586 431 2645 ct
450 2571 580 2644 nornine
597 2569 798 2644 vendicionis
817 2570 851 2642 iu
871 2586 1062 2664 perpetuum
1088 2569 1295 2645 concessisse
1309 2574 1417 2645 ulen-

292 2688 386 2760 baldo
411 2688 452 2758 de
481 2690 633 2771 dvalone,
669 2685 860 2780 presbitero,
890 2700 1048 2779 perpetuo
1078 2683 1197 2759 sicario
1222 2689 1258 2759 io
1276 2686 1415 2759 ecclesia

292 2806 408 2874 Sancte
428 2804 541 2874 Crucis
559 2799 810 2885 Aurelianensis,
826 2802 998 2892 quamdam
1017 2800 1149 2872 donnum
1163 2823 1238 2873 corn
1252 2800 1417 2894 pertiuen-

292 2915 345 2988 tiis
363 2917 508 3009 ejusdem
527 2939 623 3007 quam
649 2938 686 2986 se
705 2918 823 2987 lralrero
852 2916 1004 2987 dicebant
1024 2918 1064 2986 alr
1088 2912 1248 3009 oppositis
1268 2912 1417 2989 cimiterii

292 3036 408 3104 Sancte
429 3027 539 3103 Crucis
558 3029 809 3114 Aurelianensis,
825 3028 909 3102 inter
921 3033 1053 3101 domum
1066 3028 1197 3125 capituli
1210 3028 1416 3104 Aurelianen-

292 3148 353 3233 sis,
371 3169 410 3218 ex
427 3169 488 3217 uua
504 3160 606 3239 parte,
624 3160 655 3216 et
674 3148 806 3216 domurn
826 3144 970 3217 defuncti
997 3144 1161 3217 Guillermi
1182 3143 1356 3233 Coustosii,
1376 3168 1416 3219 or

292 3266 402 3345 altera,
419 3261 451 3332 in
471 3260 600 3332 censiva
618 3259 748 3352 capituli
764 3260 903 3332 ecclesie
922 3262 1030 3332 Sancti
1059 3260 1142 3332 Petri
1159 3263 1339 3333 Puellarum
1356 3265 1419 3333 du·

295 3374 499 3458 relianeusis,
520 3376 560 3445 ad
581 3376 663 3443 duos
682 3376 833 3444 denarios
856 3387 890 3443 et
914 3376 1046 3444 obolum
1062 3375 1233 3445 censuales
1251 3372 1323 3446 siue
1344 3372 1418 3446 aliis

294 3489 485 3557 redebencis
498 3498 531 3556 et
549 3487 723 3556 adtendas
739 3499 858 3571 tamen,
873 3488 1002 3575 quaudo
1016 3508 1071 3557 eas
1084 3484 1256 3578 eontigerit
1272 3485 1418 3575 evenire,

294 3612 396 3671 lotum
415 3602 470 3690 jus
497 3622 606 3683 suum,
638 3597 830 3680 dominium,
861 3602 1104 3690 possessionem
1128 3612 1160 3672 el
1190 3598 1417 3692 proprietatem

296 3712 381 3785 dicte
400 3717 516 3784 domus
536 3726 568 3784 el
593 3710 856 3803 pertinentiarum
889 3711 991 3805 ipsius
1007 3711 1040 3783 iu
1060 3713 1180 3784 dictum
1197 3713 1419 3785 Tlreoloaldum

292 3841 324 3898 el
340 3829 410 3917 ejus
430 3828 566 3897 lreredcs
588 3841 621 3896 et
634 3848 841 3896 successores
861 3826 893 3896 in
915 3841 1103 3919 perpetuum
1127 3829 1361 3911 transferendo,
1376 3840 1408 3899 ct

294 3939 394 4012 oiclril
413 3938 567 4030 sibijuris
587 3942 634 4009 vel
656 3938 828 4011 heredibus
848 3942 968 4012 suisio
988 3943 1114 4013 eisdem
1134 3940 1166 4011 in
1186 3956 1349 4035 posterum
1369 3964 1420 4017 re·

295 4054 439 4139 tincudo,
460 4068 543 4124 etse
561 4052 764 4124 desesierunt
785 4075 892 4124 corarn
911 4054 1005 4126 uolris
1021 4056 1160 4126 dedicta
1180 4055 1278 4127 domo
1296 4070 1329 4127 et
1348 4060 1419 4149 ejus

293 4167 517 4262 pertinenciis,
530 4181 561 4238 et
576 4170 699 4237 dictum
712 4170 930 4238 Tlreolraldurn
944 4167 1156 4240 investierunt
1167 4169 1207 4239 do
1222 4168 1346 4241 eisdem
1364 4194 1421 4265 per

294 4281 498 4354 traditionem
519 4279 717 4373 presentium
738 4281 928 4365 litterarum,
945 4306 1002 4374 pro
1020 4281 1128 4374 precio
1141 4281 1305 4373 sexaginta
1315 4299 1349 4356 et
1364 4286 1421 4355 de·

293 4421 364 4470 cern
383 4396 534 4467 librarum
549 4394 785 4487 parisiensium,
800 4398 840 4467 de
861 4420 922 4487 qua
940 4400 1077 4489 pecunie
1096 4420 1223 4469 summa
1248 4396 1326 4469 dicti
1345 4422 1421 4471 cou-

290 4513 386 4602 juges
406 4533 442 4581 se
456 4522 628 4580 tenuerunt
643 4532 751 4579 coram
767 4508 861 4580 nobis
877 4508 1001 4601 integre
1016 4532 1074 4602 pro
1086 4512 1210 4602 papatis
1231 4512 1264 4581 iu
1285 4510 1421 4604 pecunia

296 4638 473 4693 numerata.
502 4621 699 4711 Exceptioni,
723 4636 806 4694 cte...
831 4621 1174 4707 Promiseruulstiam,
1195 4634 1268 4695 elo..
1288 4627 1419 4697 lleuuu·
