3420 5490
771 549 930 614 -pp..

297 671 458 746 tinebatur
472 676 608 767 qualiter
622 675 651 749 ei
667 675 800 768 suisque
814 679 1058 752 suecessoribus
1072 677 1149 751 inibi
1171 679 1308 753 Domino
1321 684 1424 752 tamu-

294 788 461 861 tantinum
478 814 592 864 omnes
603 815 655 863 res
671 806 791 864 sanctie
806 797 946 884 praefatae
958 777 1119 878 ecciesiae,
1136 818 1216 888 quas
1235 793 1423 886 abantiquo

293 914 439 994 tempore
455 907 542 996 juste
558 918 590 978 et
609 908 754 998 legaliter
774 908 972 1000 possidebat,
993 923 1025 980 et
1041 923 1154 1000 postea
1175 921 1238 980 tam
1259 907 1423 1000 aregihus

292 1019 332 1088 ab
351 1017 424 1090 atiis
443 1034 564 1092 sanctae
581 1019 634 1092 oet
654 1021 806 1094 Ecclesiae
823 1023 971 1095 tidetibus
990 1022 1176 1114 adquisivit,
1193 1021 1423 1116 perpetualiter

292 1135 330 1203 ad
351 1133 624 1207 deserviendum
639 1141 919 1209 confirmaverunt.
942 1139 1151 1209 Obsecraudo
1164 1136 1271 1228 itaque
1290 1137 1423 1208 humiti-

269 1231 341 1317 'ter
353 1248 523 1338 postularit
541 1263 574 1318 ut
589 1272 660 1336 nos,
682 1264 925 1322 antecessorum
940 1265 1124 1342 nostrorum
1140 1273 1262 1322 morem
1282 1272 1423 1341 sequen·

292 1373 353 1442 tes,
374 1363 504 1432 easdem
525 1385 578 1433 res
603 1367 751 1453 praetactae
779 1360 925 1435 ecciesiae
955 1363 1052 1435 simiti
1078 1378 1198 1434 nostrae
1224 1362 1423 1434 auctoritatis

290 1476 558 1580 confirmaremus
571 1480 717 1569 exempto
733 1490 828 1567 atque
841 1490 1014 1568 praecepto.
1033 1479 1133 1567 trojus
1147 1475 1243 1568 igitur
1256 1474 1423 1548 venerabi-

289 1584 340 1655 ¹tis
360 1585 505 1679 episcopi
526 1591 698 1680 benignam
716 1589 902 1681 petitionem
923 1613 996 1660 eum
1017 1593 1167 1660 consultu
1190 1587 1331 1661 titletium
1347 1611 1423 1660 nos-

294 1713 417 1771 trorum
433 1715 532 1772 ratam
554 1702 809 1786 considerantes,
825 1702 855 1773 id
876 1725 971 1794 agere
985 1702 1199 1774 decrevimus.
1217 1707 1280 1774 Res
1299 1715 1419 1788 autem,

296 1839 375 1907 quas
390 1819 430 1885 atr
443 1814 584 1908 antiquis
596 1815 795 1909 temporibus
806 1841 863 1888 seu
878 1815 1041 1888 modernis
1054 1818 1124 1909 ipsa
1136 1820 1265 1889 tenebat
1275 1839 1313 1888 ae
1326 1817 1422 1887 modo

294 1929 411 2003 retinet
424 1930 575 2016 ccclesia,
589 1935 638 2002 hae
652 1947 727 2004 sunt
743 1957 751 2002 :
778 1932 1007 2004 monasterium
1023 1931 1125 2003 sancti
1140 1931 1272 2017 Evurtii,
1293 1954 1422 2008 monas·
1517 2008 1520 2015 ,

293 2043 408 2116 terium
423 2047 528 2117 sancti
546 2045 677 2129 Litardi,
693 2069 765 2117 eum
780 2049 876 2118 rebus
901 2070 972 2137 quiae
991 2045 1115 2117 suntin
1133 2048 1279 2133 Pontion,
1297 2050 1359 2118 hoe
1371 2060 1421 2118 est

293 2160 363 2229 uitta
394 2160 468 2228 Rais
498 2183 596 2250 super
620 2161 749 2230 flurium
783 2159 942 2251 Aieuegia,
964 2164 1146 2231 Frouenas⁶
1173 2182 1271 2251 super
1289 2160 1419 2230 ttuvium

293 2273 433 2357 eanaat,
474 2275 651 2363 ungraonae
680 2275 796 2359 uicum,
820 2271 968 2344 similiter
987 2271 1167 2354 Ceresium,
1191 2271 1244 2362 qui
1259 2275 1291 2319 Μ
1316 2274 1419 2343 estin

294 2410 373 2479 pago
391 2389 525 2473 Cuttiuo,
548 2411 696 2460 unacum
718 2387 806 2460 omni
826 2386 941 2460 merito
961 2390 1009 2460 ret
1030 2388 1231 2479 appendiciis
1248 2410 1375 2471 eorum,
1388 2399 1422 2458 et

294 2523 344 2572 res
359 2525 432 2592 quur
451 2513 526 2572 sunt
553 2501 583 2572 in
617 2506 771 2573 Noeduno
790 2516 822 2574 ct
837 2501 921 2573 eirca
936 2504 1149 2583 Nocduuum;
1172 2499 1204 2571 iu
1226 2523 1308 2593 pago
1321 2503 1421 2572 Ture

295 2613 377 2699 nico,
402 2614 499 2685 νίΙΙαι
518 2618 641 2687 [tedere
661 2639 758 2707 super
773 2617 905 2687 flurium
926 2615 979 2706 qui
1000 2616 1118 2686 dieitur
1133 2620 1246 2698 Karus,
1265 2638 1339 2686 cum
1355 2637 1422 2685 om·

294 2729 389 2798 nibus
408 2730 448 2798 ad
469 2751 505 2799 re
526 2728 779 2819 pertinentibus3
801 2732 877 2801 item
899 2728 932 2799 iu
950 2752 1032 2820 pago
1049 2726 1274 2799 Matisconensi
1296 2726 1422 2799 Vitalia-

294 2863 379 2925 crrm,
403 2852 435 2911 et
453 2839 564 2910 Cirrati
578 2845 592 2896 t
608 2842 641 2911 in
664 2865 746 2932 pago
765 2839 972 2931 vapincensi,
993 2865 1065 2932 quae
1084 2852 1161 2912 sunt
1182 2839 1214 2910 in
1239 2842 1422 2932 Burgundia

294 2958 339 3026 ret
358 2953 389 3024 iu
410 2953 592 3040 Provincia,
613 2979 686 3027 eum
700 2956 826 3028 mansis
841 2969 873 3028 ct
891 2954 1043 3028 omnibus
1058 2958 1096 3026 ad
1111 2979 1147 3028 se
1163 2955 1420 3048 pertinentibus;

295 3067 369 3141 item
390 3069 423 3140 in
445 3094 526 3161 pago
547 3069 699 3154 Biturieo,
722 3070 752 3142 in
781 3070 895 3142 vicaria
917 3069 1148 3156 Carbriaeensi,
1183 3071 1214 3140 in
1237 3069 1307 3141 vitia
1328 3074 1422 3143 Brus·

297 3184 393 3275 togito
415 3207 562 3255 mansum
589 3190 600 3257 l
626 3209 699 3257 eum
718 3186 823 3270 terris,
851 3189 962 3276 pratis,
977 3184 1078 3264 sitris,
1094 3198 1125 3254 et
1143 3183 1332 3273 adjacentiis
1351 3207 1423 3254 om-

296 3299 410 3382 nibus3
445 3297 476 3368 iu
504 3322 585 3389 pago
606 3299 832 3380 Pinciacense,
860 3297 970 3382 Nictta,
994 3296 1187 3387 Crispiaoas,
1210 3296 1418 3378 Ottarciaeas,

298 3414 552 3503 Pompennaeas,
574 3413 701 3482 itmauin
728 3425 760 3483 et
785 3412 912 3494 Vitiare,
931 3434 1004 3481 cum
1032 3409 1183 3481 omnibus
1201 3412 1297 3480 rebus
1314 3424 1347 3481 et
1364 3434 1421 3503 ap·

298 3524 454 3617 pendiciis
474 3529 512 3597 ad
530 3525 613 3597 idern
632 3519 861 3598 monasterium
886 3525 1133 3618 pertinentibus.
1156 3526 1272 3595 toene
1292 3549 1422 3598 monas·

298 3640 412 3712 terium
434 3641 536 3712 sancti
558 3639 714 3711 Maximini
737 3645 994 3724 monaetrorum3
1016 3640 1090 3711 item
1104 3642 1260 3731 capeliam
1276 3643 1309 3710 S.
1330 3641 1423 3712 Maxi·
1511 3653 1514 3658 '

298 3758 376 3824 minu
392 3757 480 3845 juxta
501 3778 640 3839 murum,
672 3752 901 3825 monasterium
929 3751 1031 3825 saneti
1062 3752 1144 3823 Petri
1162 3751 1322 3842 uirorum;
1345 3752 1421 3826 item

296 3867 400 3941 sancti
422 3868 505 3940 Petri
535 3872 724 3960 positarum,
747 3881 867 3939 sanetae
897 3868 1010 3938 Crucis
1043 3866 1294 3966 Gargopiiensis,
1316 3868 1420 3942 saneti

297 3986 377 4057 Auiti
395 4009 404 4066 ;
419 3987 498 4056 celia
518 3984 620 4055 sancti
640 3982 767 4062 Privati,
786 4006 860 4054 eum
880 3985 1002 4074 capeita
1022 3986 1124 4054 sancti
1147 3982 1267 4054 Martini
1288 3999 1423 4074 quaeest

297 4124 393 4193 super
413 4100 597 4192 Liperitum,
619 4105 722 4171 sancti
750 4099 833 4171 Petri
854 4097 1092 4185 Tauriaceusis,
1114 4098 1216 4170 sancti
1242 4100 1421 4188 Saturnini,

588 4294 704 4304 ..η-...ς
718 4292 1088 4303 α--α-μ-..ιαιφυ--ικ

326 4404 455 4456 xxxrx.
467 4430 499 4443 -
514 4393 656 4456 verrinus
668 4404 701 4455 ue
714 4405 739 4456 n
753 4403 1005 4457 confutationem
1020 4403 1109 4466 rum:
1133 4432 1162 4442 -
1182 4419 1211 4456 a.
1233 4402 1422 4456 neruosusne.

297 4508 326 4524 -
338 4483 363 4534 b.
377 4483 560 4535 serviendum.
575 4509 608 4522 -
621 4498 644 4533 c.
659 4484 807 4536 Froreutir.
819 4510 850 4522 -
863 4483 889 4535 d.
906 4482 1031 4545 Quantis·
1051 4511 1077 4522 -
1089 4482 1145 4547 dd.v
1157 4496 1261 4548 (ιω.-
1279 4496 1303 4535 e.
1319 4479 1421 4536 uilium.

296 4589 325 4605 -
336 4564 355 4630 t.
369 4563 478 4617 Girreti.
492 4590 525 4604 -
536 4579 565 4629 p.
576 4565 661 4616 deest.
