<?xml version="1.0" encoding="UTF-8"?>
<!DOCTYPE html PUBLIC "-//W3C//DTD XHTML 1.0 Transitional//EN"
    "http://www.w3.org/TR/xhtml1/DTD/xhtml1-transitional.dtd">
<html xmlns="http://www.w3.org/1999/xhtml" xml:lang="en" lang="en">
 <head>
  <title>
</title>
<meta http-equiv="Content-Type" content="text/html;charset=utf-8" />
  <meta name='ocr-system' content='tesseract 3.04.00' />
  <meta name='ocr-capabilities' content='ocr_page ocr_carea ocr_par ocr_line ocrx_word'/>
</head>
<body>
  <div class='ocr_page' id='page_1' title='image "./cartulairedesai00jarrgoog_0274.png"; bbox 0 0 3420 5490; ppageno 0'>
   <div class='ocr_carea' id='block_1_1' title="bbox 802 1126 909 1202">
    <p class='ocr_par' dir='ltr' id='par_1_1' title="bbox 802 1126 909 1202">
     <span class='ocr_line' id='line_1_1' title="bbox 802 1126 909 1202; baseline -0.075 -11"><span class='ocrx_word' id='word_1_1' title='bbox 802 1126 909 1202; x_wconf 71' lang='lat' dir='ltr'><strong>cxxv</strong></span> 
     </span>
    </p>
   </div>
   <div class='ocr_carea' id='block_1_2' title="bbox 815 1421 893 1483">
    <p class='ocr_par' dir='ltr' id='par_1_2' title="bbox 815 1421 893 1483">
     <span class='ocr_line' id='line_1_2' title="bbox 815 1421 893 1483; baseline -0.026 0"><span class='ocrx_word' id='word_1_2' title='bbox 815 1421 893 1483; x_wconf 79' lang='lat'><strong>1155</strong></span> 
     </span>
    </p>
   </div>
   <div class='ocr_carea' id='block_1_3' title="bbox 299 1669 1420 1935">
    <p class='ocr_par' dir='ltr' id='par_1_3' title="bbox 299 1669 1420 1935">
     <span class='ocr_line' id='line_1_3' title="bbox 299 1669 1420 1744; baseline 0 -16"><span class='ocrx_word' id='word_1_3' title='bbox 299 1671 491 1744; x_wconf 81' lang='lat' dir='ltr'><strong>Compositiou</strong></span> <span class='ocrx_word' id='word_1_4' title='bbox 506 1678 585 1740; x_wconf 81' lang='lat' dir='ltr'><strong>entre</strong></span> <span class='ocrx_word' id='word_1_5' title='bbox 600 1671 626 1725; x_wconf 90' lang='lat' dir='ltr'><strong>le</strong></span> <span class='ocrx_word' id='word_1_6' title='bbox 640 1669 1130 1743; x_wconf 75' lang='lat' dir='ltr'><strong>chapitreetllerbertleVallet‚par</strong></span> <span class='ocrx_word' id='word_1_7' title='bbox 1139 1672 1260 1743; x_wconf 87' lang='lat' dir='ltr'><strong>laquelle</strong></span> <span class='ocrx_word' id='word_1_8' title='bbox 1267 1689 1299 1728; x_wconf 83' lang='lat' dir='ltr'><strong>ee</strong></span> <span class='ocrx_word' id='word_1_9' title='bbox 1307 1673 1420 1737; x_wconf 77' lang='lat' dir='ltr'><strong>dernier</strong></span> 
     </span>
     <span class='ocr_line' id='line_1_4' title="bbox 325 1765 1419 1839; baseline 0 -15"><span class='ocrx_word' id='word_1_10' title='bbox 325 1768 491 1824; x_wconf 80' lang='lat' dir='ltr'><strong>abandonne</strong></span> <span class='ocrx_word' id='word_1_11' title='bbox 513 1783 549 1822; x_wconf 81' lang='lat' dir='ltr'><strong>au</strong></span> <span class='ocrx_word' id='word_1_12' title='bbox 572 1767 706 1839; x_wconf 78' lang='lat' dir='ltr'><strong>clrapitne,</strong></span> <span class='ocrx_word' id='word_1_13' title='bbox 731 1782 802 1837; x_wconf 84' lang='lat' dir='ltr'><strong>pour</strong></span> <span class='ocrx_word' id='word_1_14' title='bbox 823 1783 837 1837; x_wconf 79' lang='lat' dir='ltr'>y</span> <span class='ocrx_word' id='word_1_15' title='bbox 856 1765 929 1821; x_wconf 83' lang='lat' dir='ltr'><strong>bltir</strong></span> <span class='ocrx_word' id='word_1_16' title='bbox 951 1782 1007 1821; x_wconf 87' lang='lat' dir='ltr'><strong>une</strong></span> <span class='ocrx_word' id='word_1_17' title='bbox 1028 1766 1103 1835; x_wconf 81' lang='lat' dir='ltr'><strong>villa,</strong></span> <span class='ocrx_word' id='word_1_18' title='bbox 1124 1782 1170 1822; x_wconf 90' lang='lat' dir='ltr'><strong>ses</strong></span> <span class='ocrx_word' id='word_1_19' title='bbox 1192 1768 1281 1823; x_wconf 83' lang='lat' dir='ltr'><strong>droits</strong></span> <span class='ocrx_word' id='word_1_20' title='bbox 1298 1785 1348 1824; x_wconf 86' lang='lat' dir='ltr'><strong>sur</strong></span> <span class='ocrx_word' id='word_1_21' title='bbox 1363 1784 1419 1825; x_wconf 84' lang='lat' dir='ltr'><strong>uno</strong></span> 
     </span>
     <span class='ocr_line' id='line_1_5' title="bbox 325 1859 1419 1935; baseline 0.002 -17"><span class='ocrx_word' id='word_1_22' title='bbox 325 1864 415 1935; x_wconf 84' lang='lat' dir='ltr'><strong>partie</strong></span> <span class='ocrx_word' id='word_1_23' title='bbox 434 1863 469 1919; x_wconf 90' lang='lat' dir='ltr'><strong>de</strong></span> <span class='ocrx_word' id='word_1_24' title='bbox 484 1862 556 1919; x_wconf 76' lang='lat' dir='ltr'><strong>loret</strong></span> <span class='ocrx_word' id='word_1_25' title='bbox 569 1863 658 1919; x_wconf 76' lang='lat' dir='ltr'><strong>situds</strong></span> <span class='ocrx_word' id='word_1_26' title='bbox 673 1867 751 1918; x_wconf 84' lang='lat' dir='ltr'><strong>entre</strong></span> <span class='ocrx_word' id='word_1_27' title='bbox 767 1862 793 1918; x_wconf 87' lang='lat' dir='ltr'><strong>le</strong></span> <span class='ocrx_word' id='word_1_28' title='bbox 805 1862 870 1917; x_wconf 80' lang='lat' dir='ltr'><strong>llois</strong></span> <span class='ocrx_word' id='word_1_29' title='bbox 883 1859 989 1934; x_wconf 86' lang='lat' dir='ltr'><strong>llerpin</strong></span> <span class='ocrx_word' id='word_1_30' title='bbox 1002 1869 1029 1918; x_wconf 85' lang='lat' dir='ltr'><strong>et</strong></span> <span class='ocrx_word' id='word_1_31' title='bbox 1039 1862 1172 1930; x_wconf 83' lang='lat' dir='ltr'><strong>Puiselet,</strong></span> <span class='ocrx_word' id='word_1_32' title='bbox 1183 1870 1211 1920; x_wconf 85' lang='lat' dir='ltr'><strong>ct</strong></span> <span class='ocrx_word' id='word_1_33' title='bbox 1222 1880 1274 1920; x_wconf 90' lang='lat' dir='ltr'><strong>son</strong></span> <span class='ocrx_word' id='word_1_34' title='bbox 1289 1863 1419 1935; x_wconf 73' lang='lat' dir='ltr'><strong>uubliago</strong></span> 
     </span>
    </p>
   </div>
   <div class='ocr_carea' id='block_1_4' title="bbox 325 1958 1417 2032">
    <p class='ocr_par' dir='ltr' id='par_1_4' title="bbox 325 1958 1417 2032">
     <span class='ocr_line' id='line_1_6' title="bbox 325 1958 1417 2032; baseline 0.001 -16"><span class='ocrx_word' id='word_1_35' title='bbox 325 1977 376 2028; x_wconf 74' lang='lat' dir='ltr'><strong>sun</strong></span> <span class='ocrx_word' id='word_1_36' title='bbox 389 1960 505 2032; x_wconf 63' lang='lat' dir='ltr'><strong>Orneon,</strong></span> <span class='ocrx_word' id='word_1_37' title='bbox 522 1978 535 2024; x_wconf 66' lang='lat' dir='ltr'><strong>c</strong></span> <span class='ocrx_word' id='word_1_38' title='bbox 552 1962 739 2025; x_wconf 65' lang='lat' dir='ltr'><strong>ttusnetumr</strong></span> <span class='ocrx_word' id='word_1_39' title='bbox 758 1965 785 2014; x_wconf 90' lang='lat' dir='ltr'><strong>et</strong></span> <span class='ocrx_word' id='word_1_40' title='bbox 800 1958 1130 2030; x_wconf 53' lang='lat' dir='ltr'><strong>&amp;coronamentorum</strong></span> <span class='ocrx_word' id='word_1_41' title='bbox 1145 1959 1182 2023; x_wconf 76' lang='lat' dir='ltr'><strong>tt)</strong></span> <span class='ocrx_word' id='word_1_42' title='bbox 1194 1976 1261 2019; x_wconf 84' lang='lat' dir='ltr'><strong>sous</strong></span> <span class='ocrx_word' id='word_1_43' title='bbox 1277 1960 1314 2018; x_wconf 86' lang='lat' dir='ltr'><strong>de</strong></span> <span class='ocrx_word' id='word_1_44' title='bbox 1328 1967 1417 2021; x_wconf 83' lang='lat' dir='ltr'><strong>rente.</strong></span> 
     </span>
    </p>
   </div>
   <div class='ocr_carea' id='block_1_5' title="bbox 520 2126 1187 2200">
    <p class='ocr_par' dir='ltr' id='par_1_5' title="bbox 520 2126 1187 2200">
     <span class='ocr_line' id='line_1_7' title="bbox 520 2126 1187 2200; baseline 0 -16"><span class='ocrx_word' id='word_1_45' title='bbox 520 2128 610 2199; x_wconf 74' lang='lat' dir='ltr'><strong>(orig.</strong></span> <span class='ocrx_word' id='word_1_46' title='bbox 626 2143 677 2183; x_wconf 85' lang='lat' dir='ltr'><strong>sur</strong></span> <span class='ocrx_word' id='word_1_47' title='bbox 691 2127 865 2200; x_wconf 78' lang='lat' dir='ltr'><strong>parchemin.</strong></span> <span class='ocrx_word' id='word_1_48' title='bbox 878 2127 964 2184; x_wconf 79' lang='lat' dir='ltr'><strong>arcu.</strong></span> <span class='ocrx_word' id='word_1_49' title='bbox 981 2127 1019 2184; x_wconf 85' lang='lat' dir='ltr'><strong>du</strong></span> <span class='ocrx_word' id='word_1_50' title='bbox 1032 2126 1125 2184; x_wconf 79' lang='lat' dir='ltr'><strong>loiret</strong></span> <span class='ocrx_word' id='word_1_51' title='bbox 1139 2130 1187 2196; x_wconf 87' lang='lat' dir='ltr'><strong>G.)</strong></span> 
     </span>
    </p>
   </div>
   <div class='ocr_carea' id='block_1_6' title="bbox 745 2362 960 2408">
    <p class='ocr_par' dir='ltr' id='par_1_6' title="bbox 745 2362 960 2408">
     <span class='ocr_line' id='line_1_8' title="bbox 745 2362 960 2408; baseline -0.009 -2"><span class='ocrx_word' id='word_1_52' title='bbox 745 2362 960 2408; x_wconf 76' lang='lat' dir='ltr'><strong>ClllOGRAPllUll</strong></span> 
     </span>
    </p>
   </div>
   <div class='ocr_carea' id='block_1_7' title="bbox 291 2571 1420 4362">
    <p class='ocr_par' dir='ltr' id='par_1_7' title="bbox 291 2571 1420 4362">
     <span class='ocr_line' id='line_1_9' title="bbox 345 2571 1417 2675; baseline 0.001 -32"><span class='ocrx_word' id='word_1_53' title='bbox 345 2574 562 2645; x_wconf 81' lang='lat' dir='ltr'><strong>l&#39;ulolrcrrime</strong></span> <span class='ocrx_word' id='word_1_54' title='bbox 582 2573 826 2642; x_wconf 71' lang='lat' dir='ltr'><strong>consuetudinis</strong></span> <span class='ocrx_word' id='word_1_55' title='bbox 841 2595 920 2642; x_wconf 88' lang='lat' dir='ltr'><strong>usus</strong></span> <span class='ocrx_word' id='word_1_56' title='bbox 938 2572 1021 2665; x_wconf 82' lang='lat' dir='ltr'><strong>apud</strong></span> <span class='ocrx_word' id='word_1_57' title='bbox 1043 2594 1103 2641; x_wconf 91' lang='lat' dir='ltr'><strong>nos</strong></span> <span class='ocrx_word' id='word_1_58' title='bbox 1121 2571 1251 2643; x_wconf 85' lang='lat' dir='ltr'><strong>inolevit</strong></span> <span class='ocrx_word' id='word_1_59' title='bbox 1279 2587 1312 2643; x_wconf 96' lang='lat' dir='ltr'><strong>ut</strong></span> <span class='ocrx_word' id='word_1_60' title='bbox 1345 2596 1417 2675; x_wconf 79' lang='lat' dir='ltr'><strong>qae-</strong></span> 
     </span>
     <span class='ocr_line' id='line_1_10' title="bbox 303 2683 1417 2776; baseline -0.001 -21"><span class='ocrx_word' id='word_1_61' title='bbox 303 2684 409 2756; x_wconf 89' lang='lat' dir='ltr'><strong>tiones</strong></span> <span class='ocrx_word' id='word_1_62' title='bbox 426 2708 506 2776; x_wconf 88' lang='lat' dir='ltr'><strong>quas</strong></span> <span class='ocrx_word' id='word_1_63' title='bbox 524 2708 597 2755; x_wconf 91' lang='lat' dir='ltr'><strong>curn</strong></span> <span class='ocrx_word' id='word_1_64' title='bbox 618 2683 777 2775; x_wconf 78' lang='lat' dir='ltr'><strong>aliquibus</strong></span> <span class='ocrx_word' id='word_1_65' title='bbox 797 2686 934 2754; x_wconf 81' lang='lat' dir='ltr'><strong>iacimus</strong></span> <span class='ocrx_word' id='word_1_66' title='bbox 958 2683 1079 2774; x_wconf 78' lang='lat' dir='ltr'><strong>scripto</strong></span> <span class='ocrx_word' id='word_1_67' title='bbox 1098 2699 1130 2754; x_wconf 93' lang='lat' dir='ltr'><strong>et</strong></span> <span class='ocrx_word' id='word_1_68' title='bbox 1150 2685 1304 2757; x_wconf 85' lang='lat' dir='ltr'><strong>memorie</strong></span> <span class='ocrx_word' id='word_1_69' title='bbox 1328 2709 1417 2755; x_wconf 91' lang='lat' dir='ltr'><strong>eom·</strong></span> 
     </span>
     <span class='ocr_line' id='line_1_11' title="bbox 297 2794 1412 2889; baseline 0 -23"><span class='ocrx_word' id='word_1_70' title='bbox 297 2800 501 2882; x_wconf 90' lang='lat' dir='ltr'><strong>mendemus,</strong></span> <span class='ocrx_word' id='word_1_71' title='bbox 519 2794 668 2887; x_wconf 72' lang='lat' dir='ltr'><strong>quatinus</strong></span> <span class='ocrx_word' id='word_1_72' title='bbox 689 2798 773 2886; x_wconf 91' lang='lat' dir='ltr'><strong>quod</strong></span> <span class='ocrx_word' id='word_1_73' title='bbox 792 2794 894 2885; x_wconf 77' lang='lat' dir='ltr'><strong>fragili</strong></span> <span class='ocrx_word' id='word_1_74' title='bbox 916 2794 1019 2886; x_wconf 85' lang='lat' dir='ltr'><strong>perire</strong></span> <span class='ocrx_word' id='word_1_75' title='bbox 1035 2811 1158 2889; x_wconf 82' lang='lat' dir='ltr'><strong>poterat</strong></span> <span class='ocrx_word' id='word_1_76' title='bbox 1183 2794 1215 2865; x_wconf 93' lang='lat' dir='ltr'><strong>in</strong></span> <span class='ocrx_word' id='word_1_77' title='bbox 1245 2796 1412 2878; x_wconf 83' lang='lat' dir='ltr'><strong>memoria,</strong></span> 
     </span>
     <span class='ocr_line' id='line_1_12' title="bbox 291 2905 1417 2998; baseline 0.001 -21"><span class='ocrx_word' id='word_1_78' title='bbox 291 2908 393 2979; x_wconf 83' lang='lat' dir='ltr'><strong>vivaci</strong></span> <span class='ocrx_word' id='word_1_79' title='bbox 413 2921 657 2978; x_wconf 74' lang='lat' dir='ltr'><strong>conservaretur</strong></span> <span class='ocrx_word' id='word_1_80' title='bbox 687 2909 720 2976; x_wconf 90' lang='lat' dir='ltr'><strong>in</strong></span> <span class='ocrx_word' id='word_1_81' title='bbox 750 2905 865 2977; x_wconf 88' lang='lat' dir='ltr'><strong>littera.</strong></span> <span class='ocrx_word' id='word_1_82' title='bbox 893 2908 967 2977; x_wconf 86' lang='lat' dir='ltr'><strong>iden</strong></span> <span class='ocrx_word' id='word_1_83' title='bbox 987 2929 1047 2998; x_wconf 83' lang='lat' dir='ltr'><strong>ego</strong></span> <span class='ocrx_word' id='word_1_84' title='bbox 1084 2910 1258 2994; x_wconf 81' lang='lat' dir='ltr'><strong>lohannes,</strong></span> <span class='ocrx_word' id='word_1_85' title='bbox 1299 2914 1417 2978; x_wconf 83' lang='lat' dir='ltr'><strong>Sancte</strong></span> 
     </span>
     <span class='ocr_line' id='line_1_13' title="bbox 292 3020 1417 3114; baseline 0.002 -23"><span class='ocrx_word' id='word_1_86' title='bbox 292 3024 405 3093; x_wconf 82' lang='lat' dir='ltr'><strong>Crucis</strong></span> <span class='ocrx_word' id='word_1_87' title='bbox 423 3025 578 3108; x_wconf 88' lang='lat' dir='ltr'><strong>decanus,</strong></span> <span class='ocrx_word' id='word_1_88' title='bbox 598 3035 748 3113; x_wconf 88' lang='lat' dir='ltr'><strong>totusque</strong></span> <span class='ocrx_word' id='word_1_89' title='bbox 775 3023 921 3110; x_wconf 83' lang='lat' dir='ltr'><strong>ejusdem</strong></span> <span class='ocrx_word' id='word_1_90' title='bbox 958 3020 1096 3092; x_wconf 78' lang='lat' dir='ltr'><strong>ecclesie</strong></span> <span class='ocrx_word' id='word_1_91' title='bbox 1129 3037 1307 3092; x_wconf 83' lang='lat' dir='ltr'><strong>conventus</strong></span> <span class='ocrx_word' id='word_1_92' title='bbox 1346 3044 1417 3114; x_wconf 78' lang='lat' dir='ltr'><strong>qne-</strong></span> 
     </span>
     <span class='ocr_line' id='line_1_14' title="bbox 291 3134 1419 3227; baseline -0.002 -20"><span class='ocrx_word' id='word_1_93' title='bbox 291 3135 375 3208; x_wconf 86' lang='lat' dir='ltr'><strong>senti</strong></span> <span class='ocrx_word' id='word_1_94' title='bbox 397 3134 509 3227; x_wconf 84' lang='lat' dir='ltr'><strong>pagiua</strong></span> <span class='ocrx_word' id='word_1_95' title='bbox 525 3145 637 3204; x_wconf 89' lang='lat' dir='ltr'><strong>notum</strong></span> <span class='ocrx_word' id='word_1_96' title='bbox 659 3137 724 3205; x_wconf 84' lang='lat' dir='ltr'><strong>lieri</strong></span> <span class='ocrx_word' id='word_1_97' title='bbox 741 3136 888 3204; x_wconf 87' lang='lat' dir='ltr'><strong>volumus</strong></span> <span class='ocrx_word' id='word_1_98' title='bbox 904 3148 967 3205; x_wconf 90' lang='lat' dir='ltr'><strong>tam</strong></span> <span class='ocrx_word' id='word_1_99' title='bbox 988 3134 1195 3225; x_wconf 79' lang='lat' dir='ltr'><strong>presentibus</strong></span> <span class='ocrx_word' id='word_1_100' title='bbox 1214 3158 1310 3227; x_wconf 86' lang='lat' dir='ltr'><strong>quant</strong></span> <span class='ocrx_word' id='word_1_101' title='bbox 1333 3138 1419 3205; x_wconf 92' lang='lat' dir='ltr'><strong>lutu-</strong></span> 
     </span>
     <span class='ocr_line' id='line_1_15' title="bbox 291 3235 1420 3337; baseline 0 -17"><span class='ocrx_word' id='word_1_102' title='bbox 291 3253 338 3333; x_wconf 84' lang='lat' dir='ltr'><strong>ris</strong></span> <span class='ocrx_word' id='word_1_103' title='bbox 357 3235 604 3319; x_wconf 84' lang='lat' dir='ltr'><strong>contencionem</strong></span> <span class='ocrx_word' id='word_1_104' title='bbox 620 3251 780 3337; x_wconf 90' lang='lat' dir='ltr'><strong>quandam</strong></span> <span class='ocrx_word' id='word_1_105' title='bbox 799 3247 852 3316; x_wconf 82' lang='lat' dir='ltr'><strong>‹liu</strong></span> <span class='ocrx_word' id='word_1_106' title='bbox 883 3246 982 3318; x_wconf 90' lang='lat' dir='ltr'><strong>luisse</strong></span> <span class='ocrx_word' id='word_1_107' title='bbox 994 3246 1088 3334; x_wconf 65' lang='lat' dir='ltr'><strong>⁸iuter</strong></span> <span class='ocrx_word' id='word_1_108' title='bbox 1105 3251 1292 3321; x_wconf 76' lang='lat' dir='ltr'><strong>lietbertum</strong></span> <span class='ocrx_word' id='word_1_109' title='bbox 1312 3251 1420 3320; x_wconf 86' lang='lat' dir='ltr'><strong>Vasle·</strong></span> 
     </span>
     <span class='ocr_line' id='line_1_16' title="bbox 293 3359 1418 3452; baseline 0 -19"><span class='ocrx_word' id='word_1_110' title='bbox 293 3375 413 3433; x_wconf 93' lang='lat' dir='ltr'><strong>tumet</strong></span> <span class='ocrx_word' id='word_1_111' title='bbox 435 3384 494 3431; x_wconf 92' lang='lat' dir='ltr'><strong>nos</strong></span> <span class='ocrx_word' id='word_1_112' title='bbox 521 3365 564 3432; x_wconf 90' lang='lat' dir='ltr'><strong>de</strong></span> <span class='ocrx_word' id='word_1_113' title='bbox 589 3374 677 3452; x_wconf 76' lang='lat' dir='ltr'><strong>qaue</strong></span> <span class='ocrx_word' id='word_1_114' title='bbox 697 3362 843 3430; x_wconf 88' lang='lat' dir='ltr'><strong>nemoris</strong></span> <span class='ocrx_word' id='word_1_115' title='bbox 876 3360 961 3451; x_wconf 91' lang='lat' dir='ltr'><strong>quod</strong></span> <span class='ocrx_word' id='word_1_116' title='bbox 993 3361 1092 3430; x_wconf 88' lang='lat' dir='ltr'><strong>situm</strong></span> <span class='ocrx_word' id='word_1_117' title='bbox 1120 3374 1170 3431; x_wconf 88' lang='lat' dir='ltr'><strong>est</strong></span> <span class='ocrx_word' id='word_1_118' title='bbox 1190 3359 1275 3432; x_wconf 85' lang='lat' dir='ltr'><strong>inter</strong></span> <span class='ocrx_word' id='word_1_119' title='bbox 1298 3363 1418 3433; x_wconf 81' lang='lat' dir='ltr'><strong>Nemus</strong></span> 
     </span>
     <span class='ocr_line' id='line_1_17' title="bbox 293 3472 1417 3568; baseline 0.001 -21"><span class='ocrx_word' id='word_1_120' title='bbox 293 3474 399 3567; x_wconf 71' lang='lat' dir='ltr'><strong>Arpini</strong></span> <span class='ocrx_word' id='word_1_121' title='bbox 420 3489 451 3546; x_wconf 94' lang='lat' dir='ltr'><strong>et</strong></span> <span class='ocrx_word' id='word_1_122' title='bbox 471 3477 653 3558; x_wconf 86' lang='lat' dir='ltr'><strong>Puteolum,</strong></span> <span class='ocrx_word' id='word_1_123' title='bbox 670 3497 764 3565; x_wconf 86' lang='lat' dir='ltr'><strong>quarn</strong></span> <span class='ocrx_word' id='word_1_124' title='bbox 787 3486 908 3565; x_wconf 72' lang='lat' dir='ltr'><strong>quartem</strong></span> <span class='ocrx_word' id='word_1_125' title='bbox 929 3472 1013 3546; x_wconf 90' lang='lat' dir='ltr'><strong>idem</strong></span> <span class='ocrx_word' id='word_1_126' title='bbox 1036 3476 1208 3546; x_wconf 76' lang='lat' dir='ltr'><strong>llorliertus</strong></span> <span class='ocrx_word' id='word_1_127' title='bbox 1239 3488 1270 3546; x_wconf 95' lang='lat' dir='ltr'><strong>et</strong></span> <span class='ocrx_word' id='word_1_128' title='bbox 1300 3477 1417 3568; x_wconf 77' lang='lat' dir='ltr'><strong>prede·</strong></span> 
     </span>
     <span class='ocr_line' id='line_1_18' title="bbox 292 3571 1416 3682; baseline 0 -22"><span class='ocrx_word' id='word_1_129' title='bbox 292 3571 440 3660; x_wconf 83' lang='lat' dir='ltr'><strong>cessores</strong></span> <span class='ocrx_word' id='word_1_130' title='bbox 456 3587 505 3659; x_wconf 86' lang='lat' dir='ltr'><strong>sui</strong></span> <span class='ocrx_word' id='word_1_131' title='bbox 526 3591 580 3658; x_wconf 90' lang='lat' dir='ltr'><strong>diu</strong></span> <span class='ocrx_word' id='word_1_132' title='bbox 600 3613 617 3658; x_wconf 91' lang='lat' dir='ltr'><strong>a</strong></span> <span class='ocrx_word' id='word_1_133' title='bbox 638 3587 731 3658; x_wconf 82' lang='lat' dir='ltr'><strong>rtolris</strong></span> <span class='ocrx_word' id='word_1_134' title='bbox 750 3591 935 3659; x_wconf 82' lang='lat' dir='ltr'><strong>censualem</strong></span> <span class='ocrx_word' id='word_1_135' title='bbox 956 3590 1146 3672; x_wconf 85' lang='lat' dir='ltr'><strong>lrulureraut,</strong></span> <span class='ocrx_word' id='word_1_136' title='bbox 1169 3591 1208 3661; x_wconf 89' lang='lat' dir='ltr'><strong>de</strong></span> <span class='ocrx_word' id='word_1_137' title='bbox 1221 3587 1416 3682; x_wconf 81' lang='lat' dir='ltr'><strong>quilmstlurn</strong></span> 
     </span>
     <span class='ocr_line' id='line_1_19' title="bbox 293 3702 1417 3796; baseline 0.002 -23"><span class='ocrx_word' id='word_1_138' title='bbox 293 3728 421 3796; x_wconf 90' lang='lat' dir='ltr'><strong>quoque</strong></span> <span class='ocrx_word' id='word_1_139' title='bbox 447 3703 669 3775; x_wconf 79' lang='lat' dir='ltr'><strong>exactionibus</strong></span> <span class='ocrx_word' id='word_1_140' title='bbox 688 3727 768 3794; x_wconf 90' lang='lat' dir='ltr'><strong>quas</strong></span> <span class='ocrx_word' id='word_1_141' title='bbox 799 3702 869 3794; x_wconf 78' lang='lat' dir='ltr'><strong>ipse</strong></span> <span class='ocrx_word' id='word_1_142' title='bbox 898 3707 1091 3775; x_wconf 82' lang='lat' dir='ltr'><strong>reclamabat</strong></span> <span class='ocrx_word' id='word_1_143' title='bbox 1123 3719 1186 3775; x_wconf 89' lang='lat' dir='ltr'><strong>tam</strong></span> <span class='ocrx_word' id='word_1_144' title='bbox 1220 3707 1254 3775; x_wconf 93' lang='lat' dir='ltr'><strong>iu</strong></span> <span class='ocrx_word' id='word_1_145' title='bbox 1286 3726 1417 3776; x_wconf 88' lang='lat' dir='ltr'><strong>nemore</strong></span> 
     </span>
     <span class='ocr_line' id='line_1_20' title="bbox 292 3817 1416 3911; baseline 0.001 -23"><span class='ocrx_word' id='word_1_146' title='bbox 292 3841 387 3911; x_wconf 91' lang='lat' dir='ltr'><strong>quam</strong></span> <span class='ocrx_word' id='word_1_147' title='bbox 408 3822 439 3888; x_wconf 92' lang='lat' dir='ltr'><strong>in</strong></span> <span class='ocrx_word' id='word_1_148' title='bbox 460 3817 602 3888; x_wconf 89' lang='lat' dir='ltr'><strong>minimis</strong></span> <span class='ocrx_word' id='word_1_149' title='bbox 622 3818 777 3888; x_wconf 77' lang='lat' dir='ltr'><strong>fructibus</strong></span> <span class='ocrx_word' id='word_1_150' title='bbox 791 3817 858 3888; x_wconf 84' lang='lat' dir='ltr'><strong>sive</strong></span> <span class='ocrx_word' id='word_1_151' title='bbox 879 3832 973 3900; x_wconf 85' lang='lat' dir='ltr'><strong>terra,</strong></span> <span class='ocrx_word' id='word_1_152' title='bbox 998 3841 1095 3889; x_wconf 87' lang='lat' dir='ltr'><strong>causa</strong></span> <span class='ocrx_word' id='word_1_153' title='bbox 1119 3818 1234 3910; x_wconf 77' lang='lat' dir='ltr'><strong>grierie</strong></span> <span class='ocrx_word' id='word_1_154' title='bbox 1258 3834 1291 3889; x_wconf 93' lang='lat' dir='ltr'><strong>et</strong></span> <span class='ocrx_word' id='word_1_155' title='bbox 1321 3841 1416 3889; x_wconf 85' lang='lat' dir='ltr'><strong>causa</strong></span> 
     </span>
     <span class='ocr_line' id='line_1_21' title="bbox 292 3931 1415 4023; baseline 0 -20"><span class='ocrx_word' id='word_1_156' title='bbox 292 3932 525 4005; x_wconf 85' lang='lat' dir='ltr'><strong>advocationis.</strong></span> <span class='ocrx_word' id='word_1_157' title='bbox 556 3935 618 4002; x_wconf 85' lang='lat' dir='ltr'><strong>Sed</strong></span> <span class='ocrx_word' id='word_1_158' title='bbox 657 3933 730 4023; x_wconf 85' lang='lat' dir='ltr'><strong>quia</strong></span> <span class='ocrx_word' id='word_1_159' title='bbox 758 3934 898 4002; x_wconf 85' lang='lat' dir='ltr'><strong>ecclesie</strong></span> <span class='ocrx_word' id='word_1_160' title='bbox 932 3946 1042 4003; x_wconf 88' lang='lat' dir='ltr'><strong>nostre</strong></span> <span class='ocrx_word' id='word_1_161' title='bbox 1071 3934 1149 4003; x_wconf 92' lang='lat' dir='ltr'><strong>utile</strong></span> <span class='ocrx_word' id='word_1_162' title='bbox 1187 3931 1356 4003; x_wconf 84' lang='lat' dir='ltr'><strong>uidebatur</strong></span> <span class='ocrx_word' id='word_1_163' title='bbox 1384 3931 1415 4003; x_wconf 94' lang='lat' dir='ltr'><strong>iu</strong></span> 
     </span>
     <span class='ocr_line' id='line_1_22' title="bbox 293 4045 1415 4138; baseline -0.001 -22"><span class='ocrx_word' id='word_1_164' title='bbox 293 4071 424 4118; x_wconf 85' lang='lat' dir='ltr'><strong>nenmre</strong></span> <span class='ocrx_word' id='word_1_165' title='bbox 446 4062 606 4137; x_wconf 79' lang='lat' dir='ltr'><strong>pretaxato</strong></span> <span class='ocrx_word' id='word_1_166' title='bbox 618 4069 731 4116; x_wconf 78' lang='lat' dir='ltr'><strong>uorum</strong></span> <span class='ocrx_word' id='word_1_167' title='bbox 751 4045 875 4116; x_wconf 85' lang='lat' dir='ltr'><strong>villam&#39;</strong></span> <span class='ocrx_word' id='word_1_168' title='bbox 895 4046 1058 4129; x_wconf 87' lang='lat' dir='ltr'><strong>editieare,</strong></span> <span class='ocrx_word' id='word_1_169' title='bbox 1076 4070 1115 4116; x_wconf 91' lang='lat' dir='ltr'><strong>ue</strong></span> <span class='ocrx_word' id='word_1_170' title='bbox 1133 4046 1266 4138; x_wconf 80' lang='lat' dir='ltr'><strong>ipseaut</strong></span> <span class='ocrx_word' id='word_1_171' title='bbox 1278 4048 1415 4118; x_wconf 80' lang='lat' dir='ltr'><strong>lreretles</strong></span> 
     </span>
     <span class='ocr_line' id='line_1_23' title="bbox 293 4157 1415 4250; baseline 0 -20"><span class='ocrx_word' id='word_1_172' title='bbox 293 4161 342 4230; x_wconf 90' lang='lat' dir='ltr'><strong>sui</strong></span> <span class='ocrx_word' id='word_1_173' title='bbox 359 4158 481 4250; x_wconf 89' lang='lat' dir='ltr'><strong>aliquid</strong></span> <span class='ocrx_word' id='word_1_174' title='bbox 514 4159 545 4228; x_wconf 93' lang='lat' dir='ltr'><strong>in</strong></span> <span class='ocrx_word' id='word_1_175' title='bbox 567 4183 603 4228; x_wconf 87' lang='lat' dir='ltr'><strong>ea</strong></span> <span class='ocrx_word' id='word_1_176' title='bbox 625 4162 799 4229; x_wconf 84' lang='lat' dir='ltr'><strong>reclamare</strong></span> <span class='ocrx_word' id='word_1_177' title='bbox 834 4175 967 4250; x_wconf 79' lang='lat' dir='ltr'><strong>nossent</strong></span> <span class='ocrx_word' id='word_1_178' title='bbox 988 4157 1260 4250; x_wconf 84' lang='lat' dir='ltr'><strong>composicionem</strong></span> <span class='ocrx_word' id='word_1_179' title='bbox 1282 4183 1356 4231; x_wconf 86' lang='lat' dir='ltr'><strong>cum</strong></span> <span class='ocrx_word' id='word_1_180' title='bbox 1375 4182 1415 4230; x_wconf 88' lang='lat' dir='ltr'><strong>eo</strong></span> 
     </span>
     <span class='ocr_line' id='line_1_24' title="bbox 292 4269 1414 4362; baseline -0.002 -20"><span class='ocrx_word' id='word_1_181' title='bbox 292 4271 510 4342; x_wconf 84' lang='lat' dir='ltr'><strong>ordinavimus</strong></span> <span class='ocrx_word' id='word_1_182' title='bbox 531 4273 625 4341; x_wconf 84' lang='lat' dir='ltr'><strong>talem</strong></span> <span class='ocrx_word' id='word_1_183' title='bbox 646 4273 731 4361; x_wconf 91' lang='lat' dir='ltr'><strong>quod</strong></span> <span class='ocrx_word' id='word_1_184' title='bbox 749 4269 980 4362; x_wconf 82' lang='lat' dir='ltr'><strong>ipsequiequid</strong></span> <span class='ocrx_word' id='word_1_185' title='bbox 1006 4273 1158 4341; x_wconf 85' lang='lat' dir='ltr'><strong>eerrsuale</strong></span> <span class='ocrx_word' id='word_1_186' title='bbox 1184 4270 1251 4342; x_wconf 82' lang='lat' dir='ltr'><strong>siue</strong></span> <span class='ocrx_word' id='word_1_187' title='bbox 1278 4292 1414 4343; x_wconf 77' lang='lat' dir='ltr'><strong>connsue-</strong></span> 
     </span>
    </p>
   </div>
   <div class='ocr_carea' id='block_1_8' title="bbox 288 4613 1415 4776">
    <p class='ocr_par' dir='ltr' id='par_1_8' title="bbox 288 4613 1415 4776">
     <span class='ocr_line' id='line_1_25' title="bbox 324 4613 1415 4688; baseline 0.001 -16"><span class='ocrx_word' id='word_1_188' title='bbox 324 4619 421 4672; x_wconf 82' lang='lat' dir='ltr'><strong>¹Sans</strong></span> <span class='ocrx_word' id='word_1_189' title='bbox 443 4617 528 4672; x_wconf 90' lang='lat' dir='ltr'><strong>doute</strong></span> <span class='ocrx_word' id='word_1_190' title='bbox 554 4617 581 4671; x_wconf 86' lang='lat' dir='ltr'><strong>la</strong></span> <span class='ocrx_word' id='word_1_191' title='bbox 606 4617 688 4672; x_wconf 81' lang='lat' dir='ltr'><strong>Fordt</strong></span> <span class='ocrx_word' id='word_1_192' title='bbox 712 4616 912 4685; x_wconf 73' lang='lat' dir='ltr'><strong>Saitrtellroir,</strong></span> <span class='ocrx_word' id='word_1_193' title='bbox 941 4616 989 4688; x_wconf 93' lang='lat' dir='ltr'><strong>qui</strong></span> <span class='ocrx_word' id='word_1_194' title='bbox 1015 4623 1056 4671; x_wconf 80' lang='lat' dir='ltr'><strong>ost</strong></span> <span class='ocrx_word' id='word_1_195' title='bbox 1085 4615 1324 4672; x_wconf 72' lang='lat' dir='ltr'><strong>merrtiunndodds</strong></span> <span class='ocrx_word' id='word_1_196' title='bbox 1347 4613 1415 4673; x_wconf 67' lang='lat' dir='ltr'><strong>rtet</strong></span> 
     </span>
     <span class='ocr_line' id='line_1_26' title="bbox 288 4705 481 4776; baseline -0.016 -14"><span class='ocrx_word' id='word_1_197' title='bbox 288 4705 354 4776; x_wconf 82' lang='lat' dir='ltr'><strong>(ou.</strong></span> <span class='ocrx_word' id='word_1_198' title='bbox 371 4705 481 4775; x_wconf 78' lang='lat' dir='ltr'><strong>trxrtn.</strong></span> 
     </span>
    </p>
   </div>
   <div class='ocr_carea' id='block_1_9' title="bbox 0 0 1717 5490">
    <p class='ocr_par' dir='ltr' id='par_1_9' title="bbox 0 0 1717 5490">
     <span class='ocr_line' id='line_1_27' title="bbox 0 0 1717 5490; baseline 0 0"><span class='ocrx_word' id='word_1_199' title='bbox 0 0 1717 5490; x_wconf 95' lang='lat' dir='ltr'><strong> </strong></span> 
     </span>
    </p>
   </div>
  </div>
 </body>
</html>
