3420 5490
766 709 944 771 -tta-

290 856 357 902 sam
378 831 571 903 habentibus
591 833 631 902 ad
644 856 725 903 usus
739 846 772 904 et
798 832 1052 904 consuetudines
1072 832 1318 904 Aurelianensea
1339 854 1421 903 con·⁸

290 958 336 1015 tra
367 948 559 1028 iohannem,
580 946 725 1036 ejusdem
748 947 879 1036 lgnetis
899 944 1009 1030 liliam,
1038 959 1069 1017 et
1095 945 1191 1017 etiam
1216 957 1328 1016 contra
1347 968 1417 1018 onr-

290 1080 361 1142 nes,
386 1069 472 1130 etc...
500 1063 615 1130 [latum
640 1082 724 1130 anno
759 1058 886 1131 Domini
921 1058 1095 1131 millesimo
1132 1063 1182 1130 CC
1216 1058 1417 1152 octogesimo

290 1171 396 1254 tertio,
413 1175 468 1244 die
488 1171 639 1244 mercurii
653 1186 727 1264 post
746 1172 1036 1245 dnnuntiacionem
1058 1171 1272 1255 Dominicam,
1305 1195 1417 1246 mense

290 1285 421 1356 marcio.
1202 1293 1300 1359 turn.

793 1608 913 1670 ccclv

655 1920 755 1991 Paris,
778 1918 954 1983 decembre
976 1918 1056 1984 1286

292 2169 420 2241 Philippa
433 2170 458 2224 le
471 2170 520 2225 Bel
535 2171 657 2225 autorise
672 2171 698 2225 le
713 2171 839 2242 chnpllre
857 2172 1017 2244 daoqudrir
1027 2171 1097 2227 dena
1119 2172 1161 2228 les
1185 2172 1247 2229 deis
1261 2178 1289 2228 et
1302 2175 1420 2230 enidro

327 2263 387 2317 llels
411 2263 448 2318 rlu
464 2265 516 2329 roi,
532 2265 599 2319 lrors
617 2265 652 2318 de
676 2265 702 2319 ln
729 2266 792 2320 rille
808 2265 966 2335 donicens,
983 2267 1019 2321 20
1033 2267 1116 2323 liures
1142 2268 1243 2339 paritis
1268 2266 1304 2323 de
1326 2277 1417 2324 rente

326 2358 464 2425 (Vidimus
488 2361 527 2414 du
549 2358 794 2427 loctobrelbtlb).

521 2509 608 2580 (Or-ig.
626 2525 649 2567 s.
674 2509 769 2579 purch.
784 2509 870 2565 Arch.
886 2509 924 2566 du
939 2510 1042 2567 Loirel.
1061 2511 1093 2568 (l.
1104 2509 1185 2583 att.)

336 2761 356 2826 l
388 2771 460 2826 touc
488 2778 566 2827 ceus
591 2756 644 2848 qui
670 2772 798 2828 verrom
830 2780 885 2828 ces
924 2768 1092 2849 presentes
1125 2758 1223 2829 lctres
1240 2755 1420 2844 Gnillanroe

290 2869 395 2954 Tibul,
421 2875 517 2962 garde
546 2875 586 2943 de
611 2874 790 2961 laprerotd
816 2873 856 2943 de
953 2875 1037 2942 salut
1068 2893 1108 2942 en
1133 2875 1229 2943 Notre
1248 2871 1417 2964 seigneur.

292 2988 443 3056 Saicbent
464 2988 605 3076 luitque
633 3007 705 3066 nos,
728 2988 789 3056 l'au
820 2987 860 3056 de
879 2990 975 3057 Notre
996 2982 1164 3075 Sciguienr
1183 2987 1238 3056 mil
1259 2989 1309 3058 CC
1323 2987 1373 3057 ΙΙΙΙ
1392 2995 1420 3027 ¹¹

291 3116 323 3171 et
355 3100 481 3191 purione,
514 3104 543 3171 lo
578 3100 727 3172 vendredi
749 3102 875 3171 d'auaut
895 3105 923 3171 la
942 3098 1026 3171 saint
1058 3101 1168 3184 lienis,
1198 3100 1318 3174 reimes
1338 3123 1420 3173 unes

293 3219 387 3286 letres
408 3219 531 3287 saelc'cs
545 3220 608 3286 dou
634 3219 699 3287 sael
721 3232 812 3288 notre
831 3219 984 3307 seigneur
1004 3219 1033 3287 le
1059 3216 1105 3290 roi
1138 3241 1201 3289 uon
1225 3218 1419 3288 chanceldes

294 3354 333 3400 ne
354 3331 565 3401 maumissdes
584 3331 624 3420 (l)
645 3354 685 3401 en
712 3354 836 3400 aucune
852 3330 952 3419 partie
972 3334 1012 3402 de
1029 3332 1077 3402 soi
1098 3354 1138 3403 en
1159 3334 1187 3402 la
1206 3331 1349 3402 muniere
1365 3330 1418 3423 qui

294 3443 418 3524 seusu,
434 3446 595 3533 lesquelcs
617 3466 676 3513 uos
697 3443 809 3513 leimes
827 3443 981 3515 trancrire
1001 3458 1067 3515 mot
1082 3467 1099 3514 a
1116 3457 1208 3514 mot:

339 3556 514 3646 Philippus,
537 3555 590 3626 bei
612 3555 718 3646 gracia
742 3560 933 3627 Francorum
950 3579 1016 3628 rer.
1044 3560 1160 3628 Notum
1192 3558 1329 3628 lecimus
1351 3555 1421 3627 nni·

293 3676 392 3743 versis
411 3689 474 3743 tam
490 3674 693 3763 presentibus
712 3696 806 3763 quam
841 3674 956 3744 tuturis
974 3678 1059 3762 quod
1092 3696 1165 3754 nos,
1195 3675 1238 3745 ob
1271 3672 1419 3745 devocio·

293 3806 365 3853 nero
386 3807 480 3873 quam
503 3787 658 3854 babemus
678 3787 716 3853 ad
737 3784 908 3855 ecclesiam
936 3785 1211 3861 Aurelianensem.
1246 3787 1288 3854 ob
1325 3783 1421 3855 etiam

293 3898 468 3969 remedium
503 3897 609 3968 anime
642 3913 753 3969 nostre
787 3922 825 3970 ac
858 3898 967 3970 inclite
1005 3897 1242 3971 recordacionis
1270 3897 1420 3990 l'lrilippi,

292 4015 453 4104 quondam
472 4016 665 4082 Francorum
686 4012 784 4103 regis,
806 4026 838 4084 et
857 4015 1018 4084 Ysabellis
1037 4016 1107 4105 ejus
1122 4012 1297 4095 consortis,
1311 4011 1422 4084 cerisi-

295 4152 418 4200 morum
440 4140 606 4217 parentum
628 4140 822 4210 nostrornm,
841 4127 1026 4217 specialiter
1052 4150 1109 4218 pro
1133 4150 1244 4198 eorum
1275 4128 1422 4198 anniver-

294 4244 377 4311 sario
397 4242 481 4330 quod
503 4238 640 4329 singuiis
660 4239 754 4309 annis
787 4254 873 4311 certa
892 4238 944 4310 die
965 4239 1188 4331 sollempniter
1218 4241 1362 4310 decanus
1389 4252 1422 4310 et

294 4352 466 4443 capitulum
489 4352 591 4442 ipsius
612 4351 849 4421 Aurelianensis
873 4352 1012 4422 ecclesie
1038 4354 1201 4421 celebrare
1222 4362 1372 4421 tenentur
1387 4348 1420 4421 in

293 4468 404 4536 eadem
417 4466 566 4545 eeclesia,
577 4463 918 4535 concedimuseisdem
934 4466 1057 4536 decano
1066 4462 1342 4555 elcapituloquod
1360 4461 1422 4556 ipsi

293 4592 378 4650 extra
393 4576 553 4649 civitatem
574 4577 835 4649 Aurelianensem
856 4577 887 4647 in
906 4575 1008 4648 leodis
1025 4588 1079 4647 ant
1095 4574 1285 4648 retroleodis
1299 4574 1420 4648 nostris

294 4691 551 4782 inaugmentum
572 4689 757 4763 reddituum
783 4704 814 4763 et
837 4704 1047 4783 proventuum
1067 4687 1153 4762 dicte
1177 4684 1420 4761 Aurelianensis
