3420 5490
779 627 817 639 ..
839 592 878 657 23
899 626 935 640 -

292 736 387 803 quiam
419 737 534 785 omues
566 715 638 785 ritnr
669 729 788 788 nostroe
816 732 909 789 aetus
934 721 1072 788 evehere
1096 731 1192 807 atque
1217 712 1418 807 augmentari

292 830 483 917 gaudemus.
523 831 722 920 Quapropter
758 830 876 922 ploeuit
915 830 1098 901 eelsitudini
1134 843 1254 900 nostre
1291 829 1417 899 cuidam

291 956 411 1013 sanetur
439 945 529 1013 matri
560 947 709 1014 ecclesie
742 945 995 1023 Aurelianorum,
1037 968 1109 1035 qum
1147 958 1197 1015 est
1229 946 1261 1013 in
1297 947 1419 1015 nonore

291 1070 410 1127 sancte
428 1079 465 1129 ae
486 1055 615 1128 uiridem
643 1057 767 1139 Crucis,
794 1060 845 1129 oui
872 1058 985 1140 etiam,
1016 1071 1147 1130 auctore
1178 1062 1246 1130 Deo
1277 1080 1418 1148 preesse

290 1169 468 1240 dinoscitur
498 1171 678 1242 Gualterius
702 1172 894 1242 venerabilis
928 1175 1060 1263 presul,
1087 1174 1126 1242 ad
1158 1170 1260 1263 ipsius
1289 1194 1418 1262 quoque

290 1283 533 1374 deprecationes
548 1295 569 1370 ¹,
602 1288 804 1356 restituendo
833 1288 968 1359 reddere
997 1293 1031 1357 et
1062 1287 1228 1357 reddendo
1247 1283 1419 1357 restituere

290 1400 449 1488 quandam
466 1401 569 1469 uillam
585 1401 617 1469 in
638 1398 777 1489 integro,
797 1398 928 1471 nomine
942 1398 1116 1472 Calteeium
1129 1400 1154 1484 ²,
1177 1398 1271 1470 eitam
1287 1398 1319 1469 in
1336 1422 1419 1492 pago

291 1512 443 1594 Biturieo,
464 1513 531 1583 sire
554 1515 650 1585 etiam
677 1513 859 1584 Pauliacum
881 1514 913 1584 in
933 1516 1048 1586 eodem
1074 1536 1156 1604 pago
1180 1511 1418 1594 continentem.

289 1625 357 1695 sire
386 1641 419 1696 et
448 1625 700 1708 Germiuincum,
734 1650 860 1698 necnon
894 1626 990 1698 etiam
1025 1630 1157 1697 alteram
1190 1626 1308 1705 villaro.
1347 1650 1419 1717 quie

291 1753 421 1808 roratur
440 1739 628 1819 darsianus,
644 1743 675 1809 in
693 1763 775 1830 pago
789 1739 991 1822 Nirernensi‚
1005 1741 1045 1810 ad
1060 1741 1199 1810 eundem
1220 1738 1419 1811 calteeium⁸

292 1851 518 1941 pertinentem,
547 1876 619 1924 eum
645 1852 797 1922 omnilmr
816 1855 855 1923 ad
880 1876 916 1924 se
936 1852 1171 1944 pertinentibus
1191 1855 1238 1924 rel
1258 1851 1418 1943 aspicien-

291 1966 376 2034 tilrus
392 1969 486 2055 longe
503 1969 549 2035 rel
571 1990 670 2057 propo
690 1966 816 2059 positis,
834 1980 867 2037 et
883 1966 1000 2037 lamilia
1024 1968 1190 2057 utriusque
1209 1988 1316 2038 serus.
1336 1972 1416 2053 Qure

290 2080 371 2148 uillae
395 2079 472 2148 olim
500 2081 661 2150 distraetre
688 2102 762 2151 esse
787 2093 964 2150 noscuntur
985 2082 1026 2150 ab
1053 2080 1166 2149 eadem
1196 2077 1332 2152 eeclesia
1359 2102 1416 2171 per

291 2191 444 2263 incuriam
467 2206 499 2263 et
525 2192 743 2262 malinorum⁴
764 2191 929 2262 hominum
951 2191 1147 2264 uiolentiam.
1170 2195 1221 2263 0lt
1240 2190 1415 2263 restitutio·

291 2329 363 2378 nem
395 2321 516 2390 tamen,
544 2305 617 2396 quia
649 2309 716 2378 lleo
745 2305 924 2400 inspirante
949 2306 1069 2378 nostris
1098 2319 1188 2379 erant
1214 2305 1414 2399 temporibus

291 2421 558 2511 rotlintrpramlw,
592 2445 748 2492 nouarum
775 2422 1037 2514 decimarumque
1074 2421 1258 2493 vestituram
1290 2425 1413 2515 alisque

290 2540 385 2608 ullius
412 2536 609 2609 detractione
643 2550 697 2608 aut
738 2536 960 2629 imprietudioe
1000 2542 1128 2630 prelata
1166 2556 1277 2610 saneta
1311 2553 1415 2611 mater

288 2653 425 2722 ecelesia
446 2675 575 2742 semper
595 2651 750 2723 olrtiueat.
778 2654 865 2724 Unde
886 2656 947 2723 lroe
970 2651 1173 2723 celsitudinis
1195 2665 1314 2723 nostrae
1334 2675 1414 2743 prae·

288 2779 416 2856 ceptum
437 2766 517 2845 lieri,
533 2781 629 2855 atque
644 2768 685 2836 oli
696 2771 950 2835 emolumentum
971 2765 1130 2836 merendis
1144 2765 1259 2836 animae
1280 2778 1412 2848 nostrat.

287 2880 353 2948 ad⁸
385 2893 577 2949 mteruorum
615 2880 906 2949 remunerationem
936 2880 1153 2969 proemiorum,
1185 2901 1243 2969 pro
1271 2878 1414 2950 remedio

287 3016 415 3082 qumprre
434 2992 544 3062 domui
564 3008 596 3063 et
621 2993 777 3083 genitoris
797 2993 897 3064 nostri
924 2992 1098 3064 lradorieil
1116 3004 1147 3061 et
1168 3006 1288 3063 mortae
1307 3014 1414 3063 reeor-

288 3105 426 3175 dationis
453 3105 501 3175 ari
537 3106 636 3176 nostri
671 3106 775 3176 lloroli
810 3106 1023 3197 imperatoris,
1049 3108 1206 3194 jamdicto
1241 3105 1413 3177 reneralrili

287 3218 440 3309 episcopo
455 3233 550 3311 atque
571 3224 709 3311 pnolatae
726 3233 846 3290 sanctie
864 3221 955 3289 matri
972 3220 1118 3291 ecclesie
1131 3218 1222 3290 reddi
1232 3217 1412 3310 jussimus;

289 3355 347 3422 per
372 3334 457 3421 ‹prrod
487 3346 680 3404 memoratas
706 3333 808 3412 uillas.
829 3356 902 3403 cum
920 3332 1072 3402 omuibus
1092 3331 1152 3402 eibi
1179 3329 1413 3423 pertinentibus

289 3447 397 3523 relius,
435 3445 638 3532 integerrime
673 3459 857 3537 prenotate
887 3460 1007 3516 sanotae
1037 3445 1128 3516 matri
1160 3443 1308 3516 ecelesiae
1337 3467 1414 3536 per-

289 3557 458 3627 lrenniter²
487 3557 716 3650 mancipandae
754 3561 933 3649 delegando
965 3557 1142 3639 reddimus,
1176 3579 1213 3628 ao
1248 3558 1413 3629 reddendo

287 3671 496 3759 delegamus;
524 3695 564 3742 eo
594 3670 740 3742 videlieet
768 3674 864 3741 modo
896 3685 931 3741 ut
961 3671 1044 3741 idem
1074 3669 1265 3740 uenerabilis
1295 3672 1412 3761 praesul

339 3909 347 3913 ,.
351 3908 369 3913 μ»
379 3908 424 3915 n.-
429 3908 482 3915 „-

321 4043 329 4079 ¹
351 4044 423 4099 tttsr.
439 4044 490 4098 der
504 4044 609 4102 deuter
621 4043 858 4118 deprecationem.

320 4132 332 4166 '
351 4134 393 4188 ld.
410 4134 569 4191 Culleolum.

321 4221 332 4255 ⁸
352 4221 397 4275 ld.
413 4223 531 4277 eaodem
547 4223 709 4279 cellerium.

320 4309 331 4344 ⁴
351 4309 394 4365 tt.
407 4310 610 4367 madrolorum.

320 4398 332 4431 ⁸
352 4398 395 4456 td.
410 4404 446 4454 el.

320 4490 333 4523 ⁸
352 4489 398 4545 tn.
416 4489 555 4546 Ludoriei.

321 4578 330 4611 ¹
351 4578 395 4635 tt.
412 4580 582 4652 perenniter.
