3420 5490
775 694 933 757 -96-

289 821 444 893 diaconus
457 835 489 892 et
506 823 725 905 subdecanus,
741 843 814 891 curu
832 820 948 892 ceteris
963 819 1144 905 canonicis,
1164 819 1273 893 adiere
1286 824 1395 894 sereni

290 950 386 1009 tatem
407 948 561 1019 nostram,
583 937 795 1028 deprecantes
810 948 844 1005 ut
863 936 912 1006 cis
931 933 1060 1007 viariam
1089 950 1247 1022 nostram,
1277 959 1349 1028 quac
1381 935 1414 1007 io

292 1053 394 1126 vineis
413 1077 524 1126 eorum
551 1050 696 1125 videlicet
719 1067 856 1144 quatuor
873 1051 1036 1145 aripennis
1057 1056 1129 1146 plus
1149 1051 1294 1125 minusve
1315 1056 1417 1125 luerat

292 1171 376 1261 apud
399 1172 559 1239 Domuum
580 1167 760 1251 llartioum,
786 1180 819 1238 et
847 1188 977 1238 omnem
1009 1165 1172 1258 justiciam
1207 1181 1362 1249 nostram,
1383 1182 1417 1238 et

289 1284 400 1352 tollam
419 1266 685 1353 concederemus.
707 1278 908 1351 Terminatur
924 1294 1031 1351 sotem
1051 1302 1089 1351 es
1121 1302 1184 1350 una
1212 1294 1302 1371 parte
1332 1279 1414 1352 atrio

289 1391 450 1478 ccclesise,
470 1397 567 1464 altera
586 1391 681 1464 lluvio
700 1391 860 1484 ligerius,
872 1391 962 1464 tertia
978 1395 1026 1463 sia
1042 1390 1182 1485 publica,
1202 1406 1313 1483 quarta
1331 1406 1414 1465 terra

289 1505 392 1578 sancti
412 1505 560 1579 Victoris.
580 1509 662 1576 lnlra
683 1508 741 1576 bas
764 1506 1052 1576 determinationes
1079 1502 1111 1574 in
1145 1503 1282 1596 prelatis
1315 1503 1415 1577 vineis

289 1633 322 1690 ct
342 1633 425 1690 terra
440 1620 489 1694 eis
509 1619 638 1689 viariam
658 1632 690 1689 et
719 1641 848 1690 omnem
876 1616 1037 1709 justiciam
1058 1631 1201 1690 nostram
1221 1631 1254 1689 ct
1283 1618 1415 1690 rectitu-

290 1731 398 1802 dinem
418 1745 450 1802 ct
471 1734 594 1816 toltum,
610 1754 705 1821 quam
724 1729 765 1800 ibi
787 1733 997 1812 habebamus,
1020 1752 1077 1821 pro
1098 1734 1164 1801 ltco
1189 1729 1363 1802 annuimus
1377 1744 1410 1801 el

290 1843 525 1927 concessimus,
548 1860 580 1915 et
606 1846 645 1914 ad
673 1841 853 1914 laciendum
873 1843 948 1915 inde
967 1842 1120 1935 quicquid
1145 1842 1367 1936 disposuerint
1384 1856 1417 1915 et

292 1957 448 2031 voluerint
473 1956 633 2029 licentiam
652 1960 802 2029 donando
821 1957 1059 2043 concessimus,
1079 1960 1289 2031 concedendo
1314 1959 1418 2029 dona-

292 2070 407 2143 vimus.
428 2075 465 2142 lu
486 2084 520 2141 ut
540 2074 609 2142 buce
632 2070 802 2142 concessio
815 2070 990 2143 ctdouatio
1006 2086 1114 2144 nostra
1134 2075 1223 2142 lirosa
1241 2086 1273 2143 et
1293 2069 1414 2143 incorr·

293 2207 387 2256 cussa
404 2200 589 2276 permaneat
614 2183 797 2255 memoriale
812 2183 897 2254 istud
918 2185 994 2254 inde
1013 2184 1080 2255 lieri
1099 2199 1132 2255 et
1151 2183 1252 2256 nostri
1272 2183 1414 2255 nominis

294 2301 459 2369 laractcre
474 2310 506 2369 et
525 2297 637 2389 sygillo
657 2296 775 2388 signari
792 2311 824 2369 et
842 2296 1043 2369 corroborari
1060 2297 1283 2389 praecepimus.
1303 2303 1415 2370 letum

293 2407 483 2495 Aurelianis,
495 2430 579 2479 anno
594 2407 747 2480 incarnati
759 2408 847 2481 verbi
859 2414 941 2494 dm,
955 2408 1139 2500 annorcgni
1154 2412 1254 2481 nostri
1268 2413 1412 2483 llllVllll.

293 2521 462 2593 lancelino
484 2522 673 2593 buticulario
694 2536 816 2609 nostro,
839 2526 980 2594 Gualonc
1003 2522 1251 2610 constabulario,
1270 2525 1414 2615 dapilem

294 2639 448 2707 Nanasse.

339 2747 538 2820 Gislebertus
556 2748 766 2821 cancellarius
780 2752 819 2822 ad
847 2749 947 2822 vicem
962 2747 1110 2821 Goislridi
1125 2747 1411 2832 archicancellarii,

295 2861 487 2936 Parisiorum
505 2862 660 2960 episcopi,
677 2865 851 2959 relegendo
867 2863 1059 2958 subscripsi.

792 3206 910 3267 XLVlll

543 3427 693 3504 Orloans,
709 3429 728 3492 3
744 3429 810 3491 mai
830 3430 863 3509 (b
880 3429 939 3492 des
954 3429 1074 3510 nones)
1087 3429 1165 3494 1044

297 3654 384 3712 llenri
401 3655 434 3709 l·⁸
447 3653 614 3710 abandonno
627 3655 643 3708 ai
657 3654 846 3710 Salute-Grais
860 3671 906 3711 ses
921 3655 1010 3711 drolts
1025 3661 1054 3711 et
1071 3671 1140 3711 cour
1154 3655 1247 3711 deses
1261 3656 1417 3712 chevaliers

331 3765 382 3804 sur
396 3749 421 3804 ls
437 3748 500 3804 villa
515 3748 550 3803 de
564 3750 929 3822 Fonteium-eo·lllsrnpois.

296 3917 398 3990 (Copis
413 3916 448 3973 ds
459 3916 569 3989 leuss,
585 3935 613 3990 p.
628 3918 673 3974 59.
688 3948 723 3958 -
746 3917 807 3975 llil).
823 3917 888 3976 Nat
903 3919 968 3975 coll.
984 3921 1099 3976 lloresu
1119 3925 1140 3976 t.
1162 3919 1199 3976 23
1218 3936 1226 3977 s
1250 3918 1314 3992 lbi,
1337 3919 1417 3993 copis

620 4013 731 4087 rl'aprbs
745 4014 771 4069 le
783 4014 941 4085 carlulaire,
957 4015 981 4071 l·
993 4015 1073 4086 md.)

338 4228 371 4301 Si
392 4233 460 4302 loca
481 4244 680 4314 sauctorum,
704 4229 735 4301 in
760 4230 877 4323 quibus
896 4255 1007 4305 eorum
1029 4236 1201 4307 memorias
1231 4234 1355 4326 agimus
1373 4255 1413 4306 ac

293 4342 420 4415 cineres
449 4344 664 4429 custodimus,
696 4348 784 4416 cultu
814 4345 873 4437 pize
908 4347 1088 4419 devotionis
1119 4362 1215 4439 alque
1250 4346 1415 4441 religionis

294 4458 401 4528 cilicio
419 4461 458 4529 ad
479 4459 622 4529 melioris
651 4459 774 4549 apicem
802 4475 905 4531 status
938 4466 1113 4551 provolvere
1143 4484 1308 4546 curemus,
1341 4485 1417 4533 omo

293 4569 454 4642 dubietate
488 4576 614 4643 seclusa
652 4571 814 4643 eredimus
846 4575 979 4645 eosdem
1024 4573 1277 4666 patrocinatores
1323 4575 1418 4646 nobis

293 4684 401 4754 baberi
421 4683 453 4755 in
473 4683 576 4769 ceolis,
600 4688 642 4756 ob
654 4707 792 4777 quorum
810 4688 965 4759 bonorem
987 4690 1057 4760 bue
1074 4710 1170 4779 agere
1196 4690 1366 4760 studemus
1385 4687 1418 4758 in
