3420 5490
804 1067 939 1130 ccxcttt

763 1363 874 1425 tuittet
895 1361 975 1425 1252

308 1611 543 1674 hmortissement
558 1627 609 1683 par
622 1610 922 1683 l’dueqquuittaumo
933 1617 959 1670 ot
968 1627 1019 1683 par
1030 1611 1100 1672 Jonn
1114 1611 1149 1669 do
1164 1612 1277 1682 Meung.
1286 1612 1435 1684 seigneurs

345 1707 499 1775 suaerains,
515 1706 550 1761 do
564 1705 600 1760 74
618 1711 732 1777 arpeuts
751 1710 779 1760 et
799 1704 874 1760 demi
891 1705 926 1761 do
941 1711 1026 1775 torre,
1048 1722 1083 1761 en
1109 1706 1135 1773 la
1158 1705 1284 1779 paroisse
1298 1707 1334 1762 ds
1348 1708 1434 1781 (trop,

347 1800 454 1856 donner
474 1800 599 1855 dSainte
612 1800 694 1855 Groirr
708 1816 758 1870 par
774 1799 865 1854 Endos
879 1798 928 1855 doe
948 1800 1070 1869 hochoe,
1093 1814 1128 1855 eu
1143 1800 1240 1855 cachat
1254 1799 1290 1854 do
1312 1801 1340 1855 la
1358 1801 1436 1857 dimo

346 1894 381 1951 de
394 1895 466 1967 Gidy
478 1896 527 1968 qui
539 1896 609 1950 avait
623 1895 667 1950 dte
681 1895 791 1951 donnae
806 1911 843 1951 au
857 1896 993 1967 chapitro.

438 2067 440 2113 j
536 2042 624 2113 (Orig.
641 2059 664 2099 s.
681 2042 777 2114 pmch.
794 2043 881 2107 Arch.
897 2040 936 2098 du
955 2043 1057 2113 Loiret,
1079 2042 1113 2098 G.
1134 2042 1210 2112 829).

357 2293 557 2374 huittelmus,
604 2292 712 2365 diuina
748 2288 954 2363 miseratione
984 2289 1220 2365 Aurelianensis
1247 2289 1434 2387 episcopus,

312 2405 472 2485 uniuersis
502 2419 669 2499 presentes
699 2404 821 2476 titteras
842 2404 1036 2498 inspecturis
1065 2409 1201 2480 satutem
1231 2408 1435 2479 inhomiuo.

314 2519 472 2594 Noveritis
491 2521 576 2613 quod
596 2541 670 2591 cum
691 2521 800 2602 Falco,
823 2522 1019 2610 Stephanus,
1040 2522 1147 2608 hegua
1163 2531 1194 2591 et
1207 2520 1361 2602 Erisane,
1378 2518 1433 2591 titii

312 2634 501 2703 etheredus
526 2631 668 2700 detuncti
695 2629 851 2699 tetraonis
882 2633 921 2699 de
949 2629 1105 2721 hupihuS,
1136 2629 1260 2714 militis,
1290 2644 1437 2719 peterent

317 2741 507 2815 auctoritate
530 2741 705 2831 apostolico
731 2764 838 2810 coram
859 2738 953 2809 nohis
973 2755 1004 2810 et
1032 2738 1157 2810 dilectis
1172 2739 1246 2812 htiis
1261 2742 1385 2811 decano
1404 2753 1436 2811 et

314 2853 454 2942 capituto
469 2852 686 2932 aurelianensi
707 2850 864 2921 decimam
878 2854 917 2920 do
937 2850 1086 2940 Gidyaco,
1104 2872 1199 2940 urtam
1217 2850 1302 2920 idem
1316 2854 1436 2922 dohan-

312 2987 383 3046 nes,
406 2976 494 3056 pater
513 2986 636 3047 eorum,
658 2965 741 3032 hone
759 2960 914 3035 memorie
931 2961 1088 3053 Philippo,
1111 2965 1272 3053 qnondam
1296 2962 1437 3036 heretia-

312 3076 404 3151 neusi
418 3077 584 3171 episcopo,
605 3074 697 3147 titudo
712 3074 855 3165 pignoris
868 3074 1075 3164 obligaverat,
1097 3089 1129 3145 ct
1143 3077 1349 3167 postmodum
1364 3078 1439 3151 Phi·

313 3190 431 3287 lippus,
460 3212 631 3261 successor
661 3189 762 3280 ipsius
782 3187 939 3281 episcopi,
962 3212 1047 3257 urruc
1078 3210 1134 3281 per
1158 3189 1214 3260 hei
1234 3188 1367 3281 gratiam
1387 3213 1440 3262 ar·

314 3302 537 3400 ehicpiscopus
552 3302 775 3386 hituricensis,
785 3301 879 3371 dictis
893 3304 1055 3372 decanoet
1067 3303 1256 3393 capitutode
1267 3306 1350 3374 tacto
1362 3326 1441 3376 cou-

316 3419 443 3501 tuterat,
464 3419 504 3487 de
532 3418 625 3507 cuijus
644 3414 769 3486 decime
793 3415 950 3489 hrrctihus
969 3428 1032 3485 tam
1053 3414 1150 3486 iidem
1168 3419 1310 3488 rtecauus
1335 3431 1369 3488 et
1386 3440 1441 3489 ca·

318 3529 454 3622 pitulum
488 3552 582 3620 quam
606 3528 780 3621 episcopus
802 3531 882 3601 ultra
911 3542 1030 3599 sortem
1054 3530 1154 3598 urrrtta
1181 3542 1383 3621 receperant,
1406 3542 1442 3601 ut

317 3643 465 3725 dicebant
492 3646 647 3728 ;tandem
666 3645 737 3713 0do
758 3646 797 3713 de
818 3644 976 3732 lhrpihus,
999 3641 1104 3726 mites,
1129 3646 1300 3715 contessus
1315 3658 1367 3715 est
1386 3666 1442 3717 co·

318 3759 496 3844 ramponis
521 3756 638 3828 dictam
670 3758 829 3827 decimam
860 3779 915 3849 pro
946 3778 982 3827 se
1013 3770 1046 3827 et
1074 3779 1130 3849 pro
1160 3756 1354 3829 necessitato
1378 3782 1439 3829 sua

319 3870 461 3942 extitisse
476 3869 608 3962 pignore
625 3869 810 3961 ohtigataru,
832 3884 863 3941 et
889 3894 946 3963 pro
960 3874 1031 3961 eius
1047 3869 1280 3965 redemptione,
1298 3872 1444 3943 ruediau·

319 3986 405 4055 tibus
426 3990 547 4075 prct'atu
576 3984 708 4055 domiuo
728 3984 972 4077 archiepiscopo
988 3984 1179 4055 hituriceusi
1205 4000 1237 4056 ct
1255 3984 1327 4056 atiis
1348 3984 1442 4057 haurris

321 4098 407 4178 viris,
442 4097 643 4188 septuaginta
669 4112 805 4186 quatuor
824 4112 954 4187 arpenta
981 4111 1013 4167 et
1037 4097 1169 4167 dimidio
1189 4112 1274 4167 terre
1300 4120 1359 4169 sue
1377 4122 1444 4169 ara·

321 4208 407 4290 hidis,
424 4207 455 4277 iu
479 4208 646 4297 parrochia
673 4211 712 4276 de
734 4210 879 4297 ttpdyaco
904 4207 975 4288 sito,
999 4231 1094 4297 urtam
1120 4231 1138 4278 a
1163 4206 1281 4278 diiecto
1305 4222 1337 4279 et
1358 4209 1443 4280 hdedi

320 4337 430 4390 nostro
449 4324 594 4390 dodrauue
615 4324 654 4391 de
669 4324 841 4410 htagduuo,
857 4320 969 4403 milite,
989 4324 1116 4390 tcuehat
1137 4320 1169 4390 iu
1187 4324 1330 4404 scorium,
1347 4344 1443 4411 rpuam

320 4433 416 4511 etiam
438 4435 522 4505 idcru
542 4438 707 4505 Johaunes
725 4432 875 4503 teoditem
896 4436 1030 4505 hahehat
1051 4457 1067 4503 a
1089 4434 1194 4521 notus,
1210 4432 1306 4509 odietis
1319 4434 1445 4509 decauo

321 4562 353 4619 et
372 4547 512 4636 capitulo
532 4545 632 4628 dudit,
650 4546 779 4616 tradidit
792 4559 824 4617 et
837 4545 970 4634 rpriturit
983 4549 1016 4616 iu
1029 4560 1219 4637 perpetuum
1232 4546 1444 4638 possidenda,

322 4659 383 4729 tide
415 4662 455 4727 atr
478 4658 547 4749 ipso
579 4660 610 4726 iu
633 4681 728 4727 ruauu
762 4670 870 4727 nostra
902 4656 1032 4748 prestita
1064 4659 1223 4749 corporati
1251 4658 1444 4751 proruitteus
