3420 5490
761 700 940 762 444-

290 827 475 899 instituetur
505 829 546 897 tle
564 841 673 897 cetero
697 828 913 896 subdecanus.
944 827 1084 909 llantlem
1104 823 1199 895 ctiam
1227 823 1418 894 tratrsaotio·

290 966 363 1014 uem
383 945 547 1034 sepefatus
566 938 750 1033 auruobauit
776 936 964 1033 episcopus,
994 955 1027 1011 et
1055 962 1126 1011 eam
1148 952 1210 1008 tam
1242 939 1281 1007 acl
1309 958 1415 1007 meatu

288 1079 383 1148 cruam
404 1058 443 1126 atl
463 1053 591 1146 capituli
612 1058 806 1125 uoluntatem
826 1067 857 1124 et
887 1052 1073 1144 petitionem
1104 1052 1201 1143 sigilli
1228 1050 1278 1123 sui
1298 1054 1414 1121 karac-

290 1182 357 1239 terc
374 1167 584 1238 confirmavit.
601 1171 664 1256 ligo
684 1187 825 1256 quoque,
847 1180 881 1234 ut
900 1166 970 1255 insa
997 1166 1170 1235 transactio
1198 1178 1264 1234 rata
1285 1175 1414 1233 mancat

288 1295 320 1350 et
336 1282 465 1370 ponitus
481 1282 690 1360 inconcussa,
711 1289 878 1369 presentes
899 1276 1021 1347 litteras
1033 1275 1127 1365 sigilli
1146 1274 1208 1346 mei
1222 1274 1281 1346 leci
1301 1278 1416 1345 tarac-

291 1406 357 1463 tore
377 1389 532 1461 roborari.
554 1397 668 1460 letum
688 1412 773 1459 auno
786 1389 886 1478 gratie
906 1393 983 1458 ltcc
1003 1387 1245 1459 terciodecimo.

806 1781 900 1840 eulx

744 2048 876 2109 lanvier
898 2047 977 2110 1213

291 2303 361 2358 lean
377 2301 498 2366 lemirc,
513 2300 652 2355 clrauoine
666 2297 701 2354 de
715 2300 845 2370 largenu,
859 2300 995 2354 conllrrne
1010 2300 1036 2354 la
1048 2298 1181 2355 donalion
1206 2300 1273 2355 laits
1293 2316 1345 2373 pat·
1364 2315 1417 2357 son

328 2400 408 2452 oncle
424 2397 571 2465 Pasclrase,
584 2397 722 2451 clranuine
736 2395 772 2451 tls
786 2395 1002 2466 Ssint-Aignau,
1017 2396 1033 2450 l
1048 2395 1257 2466 llarllrolonule,
1279 2396 1419 2453 ohannins

329 2493 364 2549 tle
380 2492 583 2558 sainte-Crem,
597 2491 632 2546 ds
646 2508 691 2546 ses
712 2490 801 2546 droils
822 2508 872 2545 sur
897 2492 938 2546 les
960 2492 1084 2546 maisons
1106 2491 1144 2547 du
1169 2493 1280 2559 cloltm,
1303 2492 1420 2549 edinen

331 2603 381 2659 par
393 2586 504 2656 Martin,
519 2584 687 2657 sous-doyen
701 2586 736 2641 de
749 2587 968 2657 saint-lignem
986 2586 1005 2640 il
1020 2601 1055 2641 en
1071 2587 1147 2656 tegle
1162 2585 1189 2641 la
1208 2585 1380 2643 devolutione.

445 2729 538 2801 (Orlg.
555 2729 639 2784 ttrclt.
657 2728 693 2784 dn
710 2729 813 2800 Loirel,
828 2728 861 2784 G.
877 2728 950 2798 ‘2683
967 2730 1093 2785 mention
1104 2728 1276 2801 Scriptum).

344 2980 516 3056 llnrnsscs,
539 2973 595 3043 llci
611 2973 710 3063 gratia
729 2974 914 3064 episcopus,
933 2988 963 3043 ct
980 2978 1138 3044 llolrertus
1151 2986 1264 3045 cautor
1279 2972 1419 3045 Aurelia-

244 3105 251 3117 ·
301 3087 411 3159 nensis
427 3102 458 3159 et
480 3086 565 3157 llcati
587 3086 700 3159 Verani
726 3086 955 3177 largogilcnsis
986 3090 1141 3170 decanus,
1171 3085 1323 3157 omnibns
1349 3110 1420 3179 nro·

299 3216 409 3271 sentes
423 3200 544 3270 litteras
563 3199 757 3288 inspecturis
776 3203 911 3268 salntem
924 3199 956 3267 in
978 3198 1127 3269 llomiuo.
1147 3201 1191 3267 ,to
1205 3198 1421 3269 uniuersitatis

299 3327 404 3383 vestre
422 3310 572 3382 noticiam
593 3315 739 3381 rollannus
756 3314 922 3401 rrervcnire
951 3313 1036 3400 qnod
1070 3313 1207 3381 diloclns
1233 3309 1265 3380 in
1295 3310 1421 3381 llltristo

300 3424 383 3495 lilius
401 3428 578 3507 lohannes,
600 3426 685 3493 tilius
703 3423 858 3493 lobannis
885 3422 1008 3505 lledici,
1039 3424 1124 3494 lleati
1143 3420 1257 3493 Verani
1280 3422 1423 3515 longogi-

300 3536 400 3607 lonsis
419 3536 606 3619 canonicus,
640 3539 672 3605 in
700 3551 807 3607 nostra
839 3538 1002 3627 presentia
1030 3536 1240 3621 constitutus,
1268 3538 1422 3619 laudarit,

300 3665 400 3720 ratam
421 3647 529 3718 habuit
549 3661 580 3719 et
599 3651 761 3719 concessit
780 3648 985 3719 donationem
1000 3663 1032 3718 et
1051 3650 1299 3719 concessionem
1326 3670 1421 3739 qnam

300 3765 452 3853 magister
473 3762 674 3847 Paschasius,
697 3762 782 3833 tleati
815 3762 934 3833 Auiani
961 3762 1200 3834 ltrreliaueusiu
1229 3760 1421 3847 concutiens,

299 3879 444 3969 ejusdem
464 3879 618 3947 Iohannis
643 3880 831 3961 avtrnculus,
865 3880 984 3947 lecerat
1013 3878 1249 3962 llartlsolomco,
1283 3874 1422 3949 Aurelia·

298 3992 390 4064 nerui
410 3992 578 4075 canonico,
600 3995 720 4084 rlejnrc
738 4017 797 4063 suo
826 3996 912 4084 arnoul
939 3995 1075 4065 lsalrelnt
1104 3990 1137 4063 in
1163 3992 1314 4065 ‹lomilrus
1342 4016 1423 4083 «tuas

296 4110 379 4178 botre
400 4106 1018 4198 surernoriclla1·tinns‚quondamlleati
1041 4103 1151 4177 Arriani
1181 4108 1423 4179 Aurelianensis

293 4223 511 4305 subdecanus,
533 4224 680 4311 ejusdem
700 4220 862 4292 l‘asclrasii
894 4236 1037 4312 patruus,
1067 4220 1099 4290 in
1127 4222 1269 4291 clanstro
1304 4226 1423 4293 Sancto

292 4332 404 4403 (leucis
419 4334 657 4404 Aurelianensis
676 4334 845 4404 edillcavit.
864 4334 970 4403 Voluit
989 4332 1085 4403 etiarn
1107 4332 1192 4403 idem
1207 4334 1372 4405 lohannes
1387 4349 1421 4404 ct

291 4446 322 4515 in
343 4446 502 4536 rrrcseutia
534 4462 641 4517 nostra
659 4446 820 4517 coracessit
846 4461 878 4515 ut
910 4445 1016 4516 «lictus
1050 4448 1293 4516 llartlrolonreus
1318 4444 1422 4515 alietas

289 4563 403 4628 aluums
437 4559 589 4649 quarrulin
617 4560 733 4631 uiueret
767 4559 899 4649 pacitice
924 4558 1115 4649 possideret.
1155 4562 1302 4629 l'reterea
1334 4558 1420 4629 ilem

284 4674 449 4741 lohannes
463 4676 519 4761 jus
534 4673 730 4744 succedendi
745 4675 830 4761 quod
844 4674 982 4741 lrabeliat
1002 4672 1035 4741 in
1049 4670 1131 4763 ipsis
1144 4668 1296 4741 dontibus
1315 4682 1349 4739 ct
1363 4672 1419 4761 jus
