3420 5490
766 744 804 756 -
826 708 882 772 317
907 743 946 754 -

293 834 413 904 nobitis
434 837 550 903 mntier
570 833 732 923 Margarita
756 836 796 905 de
817 835 930 904 tterdis
960 836 994 903 in
1010 833 1150 926 grangiis
1170 834 1299 927 capituti
1320 840 1419 909 dure·

291 945 446 1017 tianensis
466 949 506 1017 de
532 951 617 1017 tteso
637 946 765 1018 Giraudi
785 960 818 1018 ot
841 949 881 1018 dc
898 950 1026 1018 Foresta
1047 947 1079 1017 in
1103 951 1197 1019 trtado
1218 947 1416 1021 decimarum

290 1062 425 1150 capituti
453 1063 584 1143 trahent,
607 1085 663 1151 pro
691 1084 769 1152 pace
798 1064 879 1132 tacta
899 1061 1058 1132 intereos
1078 1084 1177 1153 snper
1202 1062 1418 1136 contencione

290 1171 500 1255 decimarum,
514 1186 590 1244 sunt
608 1177 648 1245 dc
665 1178 759 1245 tendo
775 1173 922 1245 Richardi
945 1178 1079 1259 floreno,
1095 1189 1127 1246 et
1147 1179 1267 1267 poterit
1288 1178 1417 1249 biadum

290 1288 380 1355 ittnm
415 1309 512 1378 snper
531 1290 708 1377 capitutum
736 1301 888 1359 attestare
919 1300 1070 1379 tanquam
1097 1311 1149 1359 res
1177 1289 1260 1360 teodi
1292 1289 1356 1374 sni,
1385 1304 1418 1362 et

289 1413 417 1470 tenetur
444 1401 619 1492 capitutum
650 1404 679 1473 ci
708 1404 835 1472 hiarium
863 1405 988 1474 tradere
1018 1401 1049 1473 in
1069 1401 1157 1474 omui
1185 1428 1262 1476 casu
1291 1404 1324 1475 in
1353 1429 1417 1497 qtto

290 1527 400 1604 posset
419 1517 457 1585 ad
479 1517 622 1586 decimas
641 1539 703 1608 qne
718 1529 809 1587 orant
828 1519 867 1587 de
889 1520 981 1587 tcodo
995 1541 1054 1588 suo
1075 1517 1135 1608 ipsi
1156 1518 1296 1609 capituto
1319 1522 1359 1589 ab
1377 1541 1417 1590 eo

288 1627 411 1719 quium
439 1630 617 1716 assignare,
639 1644 671 1700 et
690 1653 746 1700 eas
773 1633 891 1712 terrare,
912 1643 944 1699 et
964 1631 1004 1700 de
1023 1629 1235 1702 attestacione
1263 1645 1295 1702 et
1317 1631 1418 1702 tradi·

288 1739 381 1811 cione
402 1741 599 1833 supradictis
617 1741 777 1812 tenebitur
797 1742 867 1834 ipse
886 1755 919 1814 et
938 1766 1148 1814 successores
1166 1746 1216 1814 sni
1236 1747 1416 1835 capitutum

290 1857 466 1947 indempne
484 1879 687 1927 conseruare.
712 1860 744 1925 tn
765 1859 858 1944 cnjus
872 1856 915 1927 rei
937 1855 1124 1927 memoriam
1144 1870 1176 1929 et
1194 1856 1416 1930 testimonium

289 1971 326 2037 ad
349 1967 543 2058 peticionem
571 1973 832 2060 supradictorum
854 1984 1022 2060 presentes
1042 1973 1166 2041 litteras
1184 1969 1285 2062 sigilii
1314 1970 1416 2043 nostri

290 2080 469 2152 munimine
494 2083 628 2152 tecimus
646 2086 803 2153 roborari.
824 2086 935 2153 dctum
961 2106 1044 2153 anno
1064 2081 1191 2153 Domini
1213 2088 1236 2153 u
1258 2086 1416 2156 ducente·

289 2195 373 2262 simo
392 2192 569 2277 tricesimo,
591 2218 702 2265 mense
717 2194 853 2265 octobri.

779 2529 923 2590 Ctltxvt

734 2802 875 2863 ttctobre
897 2801 975 2866 test

292 3035 329 3090 Le
341 3035 476 3105 chapitre,
493 3049 527 3088 en
542 3033 746 3088 consideration
759 3033 809 3089 des
821 3033 994 3105 reparatione
1006 3033 1086 3088 toites
1097 3034 1113 3088 d
1126 3051 1171 3089 ses
1184 3030 1308 3089 msisons
1324 3050 1374 3106 par
1389 3034 1415 3090 le

324 3131 413 3200 dopeu
428 3129 531 3183 Lebert
546 3134 572 3183 et
584 3128 618 3182 de
632 3145 662 3182 sa
680 3145 826 3199 promesso
848 3129 911 3183 d'en
927 3128 1057 3183 executor
1075 3145 1177 3184 encore
1197 3146 1269 3200 pour
1283 3130 1319 3186 30
1330 3130 1416 3184 lirres

325 3226 435 3294 parisis,
451 3224 547 3278 attecte
571 3225 652 3277 deon
669 3223 860 3278 anniversaire
887 3222 927 3276 les
943 3239 1062 3277 revenus
1085 3224 1132 3294 qui
1155 3241 1189 3279 en
1214 3224 1414 3295 prorieudront

324 3321 406 3390 apres
422 3335 452 3372 sa
466 3325 550 3387 mort,
564 3319 629 3373 seut
643 3319 684 3372 tes
700 3319 902 3388 pretevemeuts
917 3317 1057 3390 indiques.

521 3464 614 3534 (Orig.
630 3481 653 3518 s.
671 3464 766 3534 purch.
782 3463 866 3518 Arch.
883 3463 922 3518 du
939 3463 1042 3533 Loiret,
1060 3465 1093 3520 G.
1109 3463 1182 3534 eet).

336 3684 497 3750 Omnibus
530 3693 700 3769 presentes
733 3682 857 3749 litteras
887 3678 1081 3770 inspecturis
1102 3683 1289 3750 universnm
1315 3682 1414 3750 dure·

292 3795 437 3862 tianense
469 3791 644 3883 capitutum
677 3796 710 3860 in
739 3789 876 3862 Domino
909 3795 1057 3862 satutem.
1091 3790 1241 3863 Noveriut
1273 3790 1415 3863 universi

289 3908 372 3997 quood
392 3907 487 3998 [cum]
510 3907 556 3975 vir
581 3903 771 3976 venorabitis
798 3907 965 3988 Lebedus,
987 3908 1130 3976 decanus
1155 3919 1276 3992 noster,
1299 3904 1417 3977 inme

290 4020 489 4091 tioratiouem
512 4022 681 4090 domorum
703 4033 969 4112 nostrarumque
1000 4023 1127 4091 inerunt
1152 4019 1273 4090 Letotdi
1293 4022 1414 4092 subde·

290 4135 475 4205 canimutta
495 4132 714 4224 expendisset,
745 4135 882 4223 quiedam
910 4133 953 4202 tut
976 4136 1016 4204 de
1044 4157 1127 4204 nouo
1156 4132 1290 4206 edifficia
1320 4157 1416 4205 cons·

292 4250 426 4316 truendo
461 4261 491 4316 et
528 4261 634 4316 uetera
670 4245 825 4335 prenimia
860 4259 1017 4315 vetustate
1050 4249 1116 4333 jam
1149 4268 1230 4334 pene
1265 4249 1414 4317 cadentia

292 4360 480 4450 reparando,
506 4359 710 4446 postmodnm
732 4354 827 4426 etiam
849 4380 921 4427 cnm
940 4370 1046 4448 preter
1075 4359 1235 4447 predictas
1257 4379 1415 4448 expensas

292 4475 327 4541 att
346 4474 593 4563 expendendum
614 4473 719 4541 adtruc
744 4472 775 4540 in
797 4469 1011 4562 predictarum
1031 4473 1199 4541 domorum
1220 4471 1417 4543 melioratio-

294 4610 362 4658 nem
393 4584 519 4678 triginta
545 4583 694 4655 librarum
717 4583 944 4676 parisiensium
972 4608 1007 4657 se
1028 4584 1122 4657 nobis
1141 4583 1354 4668 astrinxisset,
1375 4588 1414 4685 ad

295 4703 480 4789 petitionem
496 4700 609 4791 ipsios,
633 4703 672 4770 de
689 4698 852 4770 communi
877 4722 1040 4771 consensu
1065 4699 1170 4771 eidem
1193 4698 1417 4772 concessimus
