3420 5490
803 1062 943 1123 duxdux

568 1382 710 1458 Vilorbe,
725 1381 745 1442 8
759 1383 839 1445 avril
852 1383 885 1464 (ll
897 1383 1052 1463 desides)
1067 1384 1172 1465 [1158]

304 1659 503 1715 Conssrrnalion
515 1675 564 1730 par
575 1659 733 1715 Alexandro
747 1660 784 1716 lll
799 1659 835 1716 de
850 1660 930 1717 l'aele
945 1660 1088 1733 episcopal
1102 1660 1137 1717 de
1148 1661 1308 1735 septembre
1323 1659 1392 1720 laur
1406 1665 1433 1735 ¹,

687 1755 781 1811 relnlil
793 1770 845 1812 aux
864 1755 1062 1814 archidiaeree.

395 1901 490 1971 (copie
505 1901 539 1955 de
552 1901 633 1972 loeo,
650 1900 760 1973 d'apres
774 1902 922 1972 l’originel.
939 1903 1023 1958 Arch.
1041 1902 1196 1972 du'Loirel,
1215 1904 1249 1961 (1.
1266 1905 1343 1976 115.)

351 2120 524 2189 Alexander
544 2118 730 2209 episcopus,
759 2140 870 2188 seruus
901 2141 1067 2189 serrorum
1100 2119 1170 2202 Dei,
1198 2122 1328 2192 dileclis
1358 2119 1431 2193 Aliis

305 2229 542 2302 archidiaconis
568 2231 706 2304 ecclesie
726 2231 963 2303 Aurelianensis
983 2235 1119 2305 salulenr
1151 2243 1184 2306 el
1219 2234 1431 2327 apostolicam

306 2346 579 2417 lrerrcdiclioneur.
609 2351 730 2417 Cunna
766 2347 860 2417 nobis
888 2347 1006 2438 pelilur
1042 2349 1128 2439 quud
1153 2349 1276 2440 juslurn
1311 2359 1361 2423 esl
1399 2359 1432 2423 el

305 2465 490 2543 lroncslurn,
513 2476 574 2532 laur
597 2462 685 2553 rigor
702 2461 853 2554 orprilaris
872 2484 967 2554 quarn
999 2464 1080 2535 ordo
1107 2462 1205 2557 engle
1235 2463 1368 2537 rationis
1394 2477 1429 2536 ul

305 2572 334 2644 id
373 2599 428 2666 per
461 2576 698 2647 soliciludincrn
728 2576 826 2648 ollrcii
856 2576 955 2649 nostri
986 2580 1025 2647 ad
1059 2579 1202 2650 delrilunr
1237 2581 1430 2672 perducatur

303 2692 466 2759 clleclurn.
489 2694 571 2759 Sane
593 2690 704 2780 pelirio
720 2703 824 2760 reslra
839 2688 932 2761 nobis
952 2690 1092 2763 exlribila
1119 2694 1308 2764 conlinelral
1338 2696 1424 2784 qnod

305 2800 494 2872 uenerabilis
515 2807 611 2871 lraler
638 2816 748 2873 nosler
771 2803 944 2892 episcopus
964 2803 1216 2886 Aurelianensis,
1235 2804 1423 2876 lenuilalern

303 2911 482 2981 reddilnunn
504 2912 822 2982 archidiaconatuum
840 2925 1018 2984 uestrorum
1037 2914 1220 2998 alleudens,
1236 2913 1372 3005 proinde
1388 2925 1421 2984 ul

304 3023 428 3093 lucilius
448 3039 479 3095 el
507 3024 639 3096 liberius
674 3025 806 3116 possitis
836 3025 932 3097 ollreii
967 3024 1062 3098 veslri
1089 3025 1233 3097 debilurn
1261 3047 1424 3112 exercere,

303 3142 457 3230 ‹prasdam
478 3141 693 3230 parrochiales
709 3141 865 3212 ecclesias
886 3139 917 3209 in
947 3140 1076 3233 quilnrs,
1108 3139 1234 3213 ralione
1268 3139 1427 3234 prediolo·

305 3281 373 3325 runr
390 3255 717 3341 arclridiuconalunrn,
742 3257 796 3347 jus
816 3267 1001 3346 palronalus
1031 3255 1155 3327 lralrelis
1185 3256 1425 3329 Aurelianensls

305 3367 456 3449 diocesis,
493 3371 531 3438 ad
579 3368 680 3458 ipsius
710 3367 913 3440 collationem
946 3381 1142 3461 speclanles
1188 3368 1428 3442 Aurelianensis

305 3481 433 3574 capituli
451 3486 490 3553 ad
507 3485 538 3552 id
559 3486 734 3555 accedente
759 3506 934 3566 consensu,
964 3483 1088 3556 eisdern
1116 3481 1429 3556 archidiaconalibus

304 3601 479 3680 concessit,
501 3610 595 3687 proul
611 3595 641 3666 in
656 3595 755 3667 lileris
776 3597 850 3668 inde
865 3599 1025 3669 conleclis
1038 3595 1165 3686 plenius
1184 3594 1301 3668 dicilur
1325 3598 1432 3669 ceuli-

307 3713 386 3780 neri.
433 3712 503 3779 Nos
531 3711 650 3800 iraque,
683 3708 797 3780 scslris
828 3709 1121 3801 supplicalionibus
1158 3708 1314 3793 inclinari,
1344 3709 1430 3801 quod

304 3847 401 3914 snper
420 3827 481 3893 lunc
500 3825 539 3892 alr
560 3825 674 3894 eodern
694 3824 850 3914 episeopo
876 3820 1009 3914 proinde
1027 3825 1143 3894 laclunr
1175 3832 1227 3894 eal
1253 3836 1358 3894 ralunr
1394 3835 1428 3896 el

305 3944 430 4005 lirmnnr
459 3938 630 4019 lrabenles,
649 3936 679 4005 id
711 3938 903 4007 auclorilale
932 3936 1110 4026 apostoliea
1143 3938 1377 4008 conllrrnarnus
1396 3950 1429 4009 el

306 4050 463 4140 presentis
484 4048 593 4138 scripli
614 4047 793 4139 patrocinio
808 4047 1061 4121 communimus.
1083 4047 1164 4119 Nulli
1195 4072 1272 4139 ergo
1290 4060 1378 4120 ele...
1394 4051 1428 4121 Si

304 4163 376 4251 quis
408 4175 528 4245 aulem,
548 4173 634 4232 ele...
657 4167 772 4232 narum
801 4161 948 4242 viterbii,
971 4174 1061 4233 serlo
1083 4161 1155 4232 idus
1174 4159 1297 4252 aprilis,
1320 4164 1425 4252 pooli·

305 4280 417 4343 licalus
433 4277 536 4343 noslri
556 4297 641 4344 anno
665 4286 792 4363 quarlo.

410 4519 670 4527 --ffl-——o

338 4692 346 4726 ¹
368 4694 419 4746 CA.
437 4691 604 4747 ccuxxxl.
