<?xml version="1.0" encoding="UTF-8"?>
<!DOCTYPE html PUBLIC "-//W3C//DTD XHTML 1.0 Transitional//EN"
    "http://www.w3.org/TR/xhtml1/DTD/xhtml1-transitional.dtd">
<html xmlns="http://www.w3.org/1999/xhtml" xml:lang="en" lang="en">
 <head>
  <title>
</title>
<meta http-equiv="Content-Type" content="text/html;charset=utf-8" />
  <meta name='ocr-system' content='tesseract 3.04.00' />
  <meta name='ocr-capabilities' content='ocr_page ocr_carea ocr_par ocr_line ocrx_word'/>
</head>
<body>
  <div class='ocr_page' id='page_1' title='image "./cartulairedesai00jarrgoog_0503.png"; bbox 0 0 3420 5490; ppageno 0'>
   <div class='ocr_carea' id='block_1_1' title="bbox 287 697 1425 3850">
    <p class='ocr_par' dir='ltr' id='par_1_1' title="bbox 769 697 947 763">
     <span class='ocr_line' id='line_1_1' title="bbox 769 697 947 763; baseline 0 -1"><span class='ocrx_word' id='word_1_1' title='bbox 769 697 888 763; x_wconf 74' lang='lat'>-377</span> <span class='ocrx_word' id='word_1_2' title='bbox 910 731 947 746; x_wconf 94' lang='lat'><em>-</em></span> 
     </span>
    </p>

    <p class='ocr_par' dir='ltr' id='par_1_2' title="bbox 287 822 1425 3850">
     <span class='ocr_line' id='line_1_2' title="bbox 296 822 1423 917; baseline 0.002 -21"><span class='ocrx_word' id='word_1_3' title='bbox 296 825 407 896; x_wconf 88' lang='lat' dir='ltr'>aitaris</span> <span class='ocrx_word' id='word_1_4' title='bbox 428 825 788 916; x_wconf 80' lang='lat' dir='ltr'>predictieontingente‚</span> <span class='ocrx_word' id='word_1_5' title='bbox 806 828 887 895; x_wconf 86' lang='lat' dir='ltr'>duas</span> <span class='ocrx_word' id='word_1_6' title='bbox 897 846 1042 896; x_wconf 82' lang='lat' dir='ltr'>cameras</span> <span class='ocrx_word' id='word_1_7' title='bbox 1059 822 1137 896; x_wconf 83' lang='lat' dir='ltr'>sitas</span> <span class='ocrx_word' id='word_1_8' title='bbox 1152 830 1236 917; x_wconf 90' lang='lat' dir='ltr'>apud</span> <span class='ocrx_word' id='word_1_9' title='bbox 1248 829 1423 899; x_wconf 80' lang='lat' dir='ltr'>ecclesiam</span> 
     </span>
     <span class='ocr_line' id='line_1_3' title="bbox 295 936 1425 1031; baseline 0.003 -24"><span class='ocrx_word' id='word_1_10' title='bbox 295 937 404 1008; x_wconf 89' lang='lat' dir='ltr'>Sancti</span> <span class='ocrx_word' id='word_1_11' title='bbox 437 940 609 1023; x_wconf 77' lang='lat' dir='ltr'>uicinaetis,</span> <span class='ocrx_word' id='word_1_12' title='bbox 645 938 754 1007; x_wconf 93' lang='lat' dir='ltr'>domui</span> <span class='ocrx_word' id='word_1_13' title='bbox 783 936 859 1007; x_wconf 92' lang='lat' dir='ltr'>dicti</span> <span class='ocrx_word' id='word_1_14' title='bbox 883 936 1049 1007; x_wconf 89' lang='lat' dir='ltr'>Vincencii</span> <span class='ocrx_word' id='word_1_15' title='bbox 1079 937 1247 1029; x_wconf 79' lang='lat' dir='ltr'>contiguas</span> <span class='ocrx_word' id='word_1_16' title='bbox 1273 954 1425 1031; x_wconf 79' lang='lat' dir='ltr'>exparte</span> 
     </span>
     <span class='ocr_line' id='line_1_4' title="bbox 296 1049 1422 1144; baseline 0.004 -24"><span class='ocrx_word' id='word_1_17' title='bbox 296 1051 444 1136; x_wconf 82' lang='lat' dir='ltr'>iiartreii,</span> <span class='ocrx_word' id='word_1_18' title='bbox 462 1053 696 1122; x_wconf 83' lang='lat' dir='ltr'>duaseanreras</span> <span class='ocrx_word' id='word_1_19' title='bbox 717 1050 747 1119; x_wconf 93' lang='lat' dir='ltr'>in</span> <span class='ocrx_word' id='word_1_20' title='bbox 767 1055 887 1140; x_wconf 89' lang='lat' dir='ltr'>Campo</span> <span class='ocrx_word' id='word_1_21' title='bbox 902 1049 1087 1139; x_wconf 82' lang='lat' dir='ltr'>dgtrenonis</span> <span class='ocrx_word' id='word_1_22' title='bbox 1103 1055 1183 1122; x_wconf 87' lang='lat' dir='ltr'>sitas</span> <span class='ocrx_word' id='word_1_23' title='bbox 1193 1051 1331 1123; x_wconf 87' lang='lat' dir='ltr'>cameris</span> <span class='ocrx_word' id='word_1_24' title='bbox 1351 1075 1422 1144; x_wconf 87' lang='lat' dir='ltr'>pre·</span> 
     </span>
     <span class='ocr_line' id='line_1_5' title="bbox 294 1162 1424 1255; baseline 0.003 -24"><span class='ocrx_word' id='word_1_25' title='bbox 294 1163 370 1233; x_wconf 90' lang='lat' dir='ltr'>dieti</span> <span class='ocrx_word' id='word_1_26' title='bbox 393 1164 557 1233; x_wconf 82' lang='lat' dir='ltr'>vincencii</span> <span class='ocrx_word' id='word_1_27' title='bbox 590 1163 757 1252; x_wconf 84' lang='lat' dir='ltr'>contiguas</span> <span class='ocrx_word' id='word_1_28' title='bbox 770 1186 806 1232; x_wconf 84' lang='lat' dir='ltr'>cn</span> <span class='ocrx_word' id='word_1_29' title='bbox 828 1176 916 1252; x_wconf 88' lang='lat' dir='ltr'>parte</span> <span class='ocrx_word' id='word_1_30' title='bbox 948 1162 1081 1252; x_wconf 80' lang='lat' dir='ltr'>Ligeris,</span> <span class='ocrx_word' id='word_1_31' title='bbox 1110 1166 1270 1253; x_wconf 76' lang='lat' dir='ltr'><strong>quoddam</strong></span> <span class='ocrx_word' id='word_1_32' title='bbox 1309 1187 1424 1255; x_wconf 83' lang='lat' dir='ltr'>arpen·</span> 
     </span>
     <span class='ocr_line' id='line_1_6' title="bbox 295 1274 1422 1363; baseline 0.002 -19"><span class='ocrx_word' id='word_1_33' title='bbox 295 1289 407 1346; x_wconf 89' lang='lat' dir='ltr'>tumet</span> <span class='ocrx_word' id='word_1_34' title='bbox 424 1276 590 1345; x_wconf 92' lang='lat' dir='ltr'>dimidium</span> <span class='ocrx_word' id='word_1_35' title='bbox 628 1276 720 1346; x_wconf 92' lang='lat' dir='ltr'>vinee</span> <span class='ocrx_word' id='word_1_36' title='bbox 751 1274 847 1345; x_wconf 88' lang='lat' dir='ltr'>sitnm</span> <span class='ocrx_word' id='word_1_37' title='bbox 868 1277 952 1363; x_wconf 89' lang='lat' dir='ltr'>apud</span> <span class='ocrx_word' id='word_1_38' title='bbox 976 1277 1202 1358; x_wconf 76' lang='lat' dir='ltr'>Gariiiandam</span> <span class='ocrx_word' id='word_1_39' title='bbox 1223 1275 1325 1348; x_wconf 87' lang='lat' dir='ltr'>vineis</span> <span class='ocrx_word' id='word_1_40' title='bbox 1343 1277 1422 1348; x_wconf 90' lang='lat' dir='ltr'>dicti</span> 
     </span>
     <span class='ocr_line' id='line_1_7' title="bbox 293 1387 1422 1480; baseline 0.004 -24"><span class='ocrx_word' id='word_1_41' title='bbox 293 1387 457 1459; x_wconf 89' lang='lat' dir='ltr'>Vinceneri</span> <span class='ocrx_word' id='word_1_42' title='bbox 477 1389 645 1459; x_wconf 71' lang='lat' dir='ltr'>attinentia</span> <span class='ocrx_word' id='word_1_43' title='bbox 664 1412 701 1458; x_wconf 84' lang='lat' dir='ltr'>er</span> <span class='ocrx_word' id='word_1_44' title='bbox 728 1402 816 1478; x_wconf 88' lang='lat' dir='ltr'>parte</span> <span class='ocrx_word' id='word_1_45' title='bbox 836 1387 991 1479; x_wconf 89' lang='lat' dir='ltr'>pressorii</span> <span class='ocrx_word' id='word_1_46' title='bbox 1013 1391 1052 1460; x_wconf 90' lang='lat' dir='ltr'>de</span> <span class='ocrx_word' id='word_1_47' title='bbox 1073 1393 1264 1480; x_wconf 79' lang='lat' dir='ltr'>Orgemont‚</span> <span class='ocrx_word' id='word_1_48' title='bbox 1284 1392 1348 1462; x_wconf 91' lang='lat' dir='ltr'>duo</span> <span class='ocrx_word' id='word_1_49' title='bbox 1373 1414 1422 1461; x_wconf 90' lang='lat' dir='ltr'>ar-</span> 
     </span>
     <span class='ocr_line' id='line_1_8' title="bbox 295 1502 1420 1595; baseline 0.004 -24"><span class='ocrx_word' id='word_1_50' title='bbox 295 1517 390 1594; x_wconf 91' lang='lat' dir='ltr'>penta</span> <span class='ocrx_word' id='word_1_51' title='bbox 411 1502 575 1573; x_wconf 92' lang='lat' dir='ltr'>vinearum</span> <span class='ocrx_word' id='word_1_52' title='bbox 589 1503 648 1574; x_wconf 91' lang='lat' dir='ltr'>sita</span> <span class='ocrx_word' id='word_1_53' title='bbox 669 1504 752 1593; x_wconf 92' lang='lat' dir='ltr'>apud</span> <span class='ocrx_word' id='word_1_54' title='bbox 775 1507 931 1584; x_wconf 78' lang='lat' dir='ltr'>duellum,</span> <span class='ocrx_word' id='word_1_55' title='bbox 947 1505 1011 1574; x_wconf 90' lang='lat' dir='ltr'>duo</span> <span class='ocrx_word' id='word_1_56' title='bbox 1026 1516 1158 1595; x_wconf 82' lang='lat' dir='ltr'>arpenta</span> <span class='ocrx_word' id='word_1_57' title='bbox 1172 1502 1336 1575; x_wconf 85' lang='lat' dir='ltr'>vinearum</span> <span class='ocrx_word' id='word_1_58' title='bbox 1358 1503 1420 1576; x_wconf 88' lang='lat' dir='ltr'>sita</span> 
     </span>
     <span class='ocr_line' id='line_1_9' title="bbox 293 1617 1419 1710; baseline 0.004 -23"><span class='ocrx_word' id='word_1_59' title='bbox 293 1641 390 1708; x_wconf 92' lang='lat' dir='ltr'>supra</span> <span class='ocrx_word' id='word_1_60' title='bbox 421 1620 594 1689; x_wconf 81' lang='lat' dir='ltr'>calceatam</span> <span class='ocrx_word' id='word_1_61' title='bbox 629 1641 728 1708; x_wconf 82' lang='lat' dir='ltr'><strong>prope</strong></span> <span class='ocrx_word' id='word_1_62' title='bbox 763 1617 946 1708; x_wconf 90' lang='lat' dir='ltr'>iiospicium</span> <span class='ocrx_word' id='word_1_63' title='bbox 983 1619 1169 1690; x_wconf 77' lang='lat' dir='ltr'>monialium</span> <span class='ocrx_word' id='word_1_64' title='bbox 1193 1625 1215 1703; x_wconf 87' lang='lat'>¹,</span> <span class='ocrx_word' id='word_1_65' title='bbox 1246 1621 1419 1710; x_wconf 86' lang='lat' dir='ltr'>quamdam</span> 
     </span>
     <span class='ocr_line' id='line_1_10' title="bbox 295 1730 1417 1821; baseline 0.002 -20"><span class='ocrx_word' id='word_1_66' title='bbox 295 1730 412 1821; x_wconf 86' lang='lat' dir='ltr'>petiam</span> <span class='ocrx_word' id='word_1_67' title='bbox 434 1744 518 1801; x_wconf 87' lang='lat' dir='ltr'>terre</span> <span class='ocrx_word' id='word_1_68' title='bbox 544 1730 671 1801; x_wconf 82' lang='lat' dir='ltr'>arabilis</span> <span class='ocrx_word' id='word_1_69' title='bbox 704 1733 737 1801; x_wconf 91' lang='lat' dir='ltr'>iu</span> <span class='ocrx_word' id='word_1_70' title='bbox 768 1734 859 1801; x_wconf 89' lang='lat' dir='ltr'>Vaiie</span> <span class='ocrx_word' id='word_1_71' title='bbox 878 1731 1055 1804; x_wconf 86' lang='lat' dir='ltr'>subdecani</span> <span class='ocrx_word' id='word_1_72' title='bbox 1077 1734 1090 1778; x_wconf 84' lang='lat'><strong>²</strong></span> <span class='ocrx_word' id='word_1_73' title='bbox 1117 1735 1226 1815; x_wconf 88' lang='lat' dir='ltr'>sitam,</span> <span class='ocrx_word' id='word_1_74' title='bbox 1249 1730 1417 1803; x_wconf 90' lang='lat' dir='ltr'>dimidium</span> 
     </span>
     <span class='ocr_line' id='line_1_11' title="bbox 293 1845 1420 1936; baseline 0.002 -22"><span class='ocrx_word' id='word_1_75' title='bbox 293 1860 461 1936; x_wconf 77' lang='lat' dir='ltr'>arpentum</span> <span class='ocrx_word' id='word_1_76' title='bbox 483 1845 612 1917; x_wconf 87' lang='lat' dir='ltr'>auberio</span> <span class='ocrx_word' id='word_1_77' title='bbox 628 1846 725 1916; x_wconf 89' lang='lat' dir='ltr'>situm</span> <span class='ocrx_word' id='word_1_78' title='bbox 744 1848 828 1936; x_wconf 92' lang='lat' dir='ltr'>apud</span> <span class='ocrx_word' id='word_1_79' title='bbox 849 1851 1001 1917; x_wconf 88' lang='lat' dir='ltr'>Sanctum</span> <span class='ocrx_word' id='word_1_80' title='bbox 1020 1845 1193 1929; x_wconf 83' lang='lat' dir='ltr'>Privatum,</span> <span class='ocrx_word' id='word_1_81' title='bbox 1219 1859 1323 1917; x_wconf 88' lang='lat' dir='ltr'>totum</span> <span class='ocrx_word' id='word_1_82' title='bbox 1343 1868 1420 1918; x_wconf 89' lang='lat' dir='ltr'>ceo·</span> 
     </span>
     <span class='ocr_line' id='line_1_12' title="bbox 294 1957 1419 2049; baseline 0 -21"><span class='ocrx_word' id='word_1_83' title='bbox 294 1971 414 2028; x_wconf 87' lang='lat' dir='ltr'>sumet</span> <span class='ocrx_word' id='word_1_84' title='bbox 435 1972 533 2028; x_wconf 92' lang='lat' dir='ltr'>totam</span> <span class='ocrx_word' id='word_1_85' title='bbox 550 1960 706 2029; x_wconf 88' lang='lat' dir='ltr'>decimam</span> <span class='ocrx_word' id='word_1_86' title='bbox 727 1982 823 2048; x_wconf 84' lang='lat' dir='ltr'>qrrem</span> <span class='ocrx_word' id='word_1_87' title='bbox 843 1981 977 2029; x_wconf 90' lang='lat' dir='ltr'>censum</span> <span class='ocrx_word' id='word_1_88' title='bbox 998 1973 1031 2028; x_wconf 91' lang='lat' dir='ltr'>et</span> <span class='ocrx_word' id='word_1_89' title='bbox 1054 1982 1149 2049; x_wconf 83' lang='lat' dir='ltr'>quam</span> <span class='ocrx_word' id='word_1_90' title='bbox 1170 1957 1328 2031; x_wconf 87' lang='lat' dir='ltr'>decimam</span> <span class='ocrx_word' id='word_1_91' title='bbox 1362 1960 1419 2029; x_wconf 86' lang='lat' dir='ltr'>ira·</span> 
     </span>
     <span class='ocr_line' id='line_1_13' title="bbox 294 2069 1418 2162; baseline 0.003 -22"><span class='ocrx_word' id='word_1_92' title='bbox 294 2073 346 2141; x_wconf 87' lang='lat' dir='ltr'>bet</span> <span class='ocrx_word' id='word_1_93' title='bbox 363 2071 482 2141; x_wconf 86' lang='lat' dir='ltr'>dictum</span> <span class='ocrx_word' id='word_1_94' title='bbox 510 2074 608 2141; x_wconf 81' lang='lat' dir='ltr'>altare</span> <span class='ocrx_word' id='word_1_95' title='bbox 628 2074 713 2161; x_wconf 91' lang='lat' dir='ltr'>apud</span> <span class='ocrx_word' id='word_1_96' title='bbox 741 2069 938 2142; x_wconf 86' lang='lat' dir='ltr'>Viiierssive</span> <span class='ocrx_word' id='word_1_97' title='bbox 964 2074 1048 2162; x_wconf 86' lang='lat' dir='ltr'>apud</span> <span class='ocrx_word' id='word_1_98' title='bbox 1077 2074 1202 2143; x_wconf 82' lang='lat' dir='ltr'>Ulmum</span> <span class='ocrx_word' id='word_1_99' title='bbox 1238 2074 1278 2142; x_wconf 92' lang='lat' dir='ltr'>de</span> <span class='ocrx_word' id='word_1_100' title='bbox 1316 2074 1418 2144; x_wconf 75' lang='lat' dir='ltr'>Arche</span> 
     </span>
     <span class='ocr_line' id='line_1_14' title="bbox 295 2183 1417 2269; baseline 0 -14"><span class='ocrx_word' id='word_1_101' title='bbox 295 2189 386 2269; x_wconf 90' lang='lat' dir='ltr'>Naut,</span> <span class='ocrx_word' id='word_1_102' title='bbox 405 2208 538 2255; x_wconf 89' lang='lat' dir='ltr'>censum</span> <span class='ocrx_word' id='word_1_103' title='bbox 564 2199 596 2255; x_wconf 94' lang='lat' dir='ltr'>et</span> <span class='ocrx_word' id='word_1_104' title='bbox 611 2185 769 2257; x_wconf 82' lang='lat' dir='ltr'>decimam</span> <span class='ocrx_word' id='word_1_105' title='bbox 790 2187 970 2268; x_wconf 75' lang='lat' dir='ltr'>desidente,</span> <span class='ocrx_word' id='word_1_106' title='bbox 992 2199 1176 2256; x_wconf 82' lang='lat' dir='ltr'>consumet</span> <span class='ocrx_word' id='word_1_107' title='bbox 1197 2183 1355 2255; x_wconf 84' lang='lat' dir='ltr'>decimam</span> <span class='ocrx_word' id='word_1_108' title='bbox 1376 2185 1417 2255; x_wconf 90' lang='lat' dir='ltr'>de</span> 
     </span>
     <span class='ocr_line' id='line_1_15' title="bbox 292 2297 1418 2390; baseline 0.003 -23"><span class='ocrx_word' id='word_1_109' title='bbox 292 2299 461 2380; x_wconf 73' lang='lat' dir='ltr'>varennis,</span> <span class='ocrx_word' id='word_1_110' title='bbox 484 2323 616 2370; x_wconf 84' lang='lat' dir='ltr'>sensnm</span> <span class='ocrx_word' id='word_1_111' title='bbox 643 2314 674 2370; x_wconf 91' lang='lat' dir='ltr'>et</span> <span class='ocrx_word' id='word_1_112' title='bbox 699 2302 858 2370; x_wconf 80' lang='lat' dir='ltr'>decimam</span> <span class='ocrx_word' id='word_1_113' title='bbox 880 2301 919 2370; x_wconf 91' lang='lat' dir='ltr'>de</span> <span class='ocrx_word' id='word_1_114' title='bbox 944 2297 1046 2369; x_wconf 79' lang='lat' dir='ltr'>triirus</span> <span class='ocrx_word' id='word_1_115' title='bbox 1070 2297 1214 2390; x_wconf 87' lang='lat' dir='ltr'>arpentis</span> <span class='ocrx_word' id='word_1_116' title='bbox 1234 2297 1326 2370; x_wconf 90' lang='lat' dir='ltr'>vinee</span> <span class='ocrx_word' id='word_1_117' title='bbox 1345 2298 1418 2371; x_wconf 89' lang='lat' dir='ltr'>sitis</span> 
     </span>
     <span class='ocr_line' id='line_1_16' title="bbox 292 2412 1416 2505; baseline 0.003 -23"><span class='ocrx_word' id='word_1_118' title='bbox 292 2428 376 2483; x_wconf 86' lang='lat' dir='ltr'>retro</span> <span class='ocrx_word' id='word_1_119' title='bbox 393 2413 563 2486; x_wconf 85' lang='lat' dir='ltr'>ecciesiarn</span> <span class='ocrx_word' id='word_1_120' title='bbox 584 2413 691 2485; x_wconf 85' lang='lat' dir='ltr'>Sancti</span> <span class='ocrx_word' id='word_1_121' title='bbox 706 2412 885 2497; x_wconf 84' lang='lat' dir='ltr'>Vinceueii,</span> <span class='ocrx_word' id='word_1_122' title='bbox 906 2437 1039 2485; x_wconf 87' lang='lat' dir='ltr'>ceusrun</span> <span class='ocrx_word' id='word_1_123' title='bbox 1056 2428 1089 2485; x_wconf 86' lang='lat' dir='ltr'>et</span> <span class='ocrx_word' id='word_1_124' title='bbox 1108 2412 1266 2486; x_wconf 80' lang='lat' dir='ltr'>decimam</span> <span class='ocrx_word' id='word_1_125' title='bbox 1281 2415 1320 2486; x_wconf 88' lang='lat' dir='ltr'>de</span> <span class='ocrx_word' id='word_1_126' title='bbox 1342 2437 1416 2505; x_wconf 87' lang='lat' dir='ltr'>sep·</span> 
     </span>
     <span class='ocr_line' id='line_1_17' title="bbox 291 2528 1417 2622; baseline 0.001 -21"><span class='ocrx_word' id='word_1_127' title='bbox 291 2542 354 2601; x_wconf 84' lang='lat' dir='ltr'>teni</span> <span class='ocrx_word' id='word_1_128' title='bbox 375 2529 544 2622; x_wconf 80' lang='lat' dir='ltr'>quarteriis</span> <span class='ocrx_word' id='word_1_129' title='bbox 561 2529 723 2603; x_wconf 89' lang='lat' dir='ltr'>vitrearum</span> <span class='ocrx_word' id='word_1_130' title='bbox 745 2529 817 2602; x_wconf 87' lang='lat' dir='ltr'>sitis</span> <span class='ocrx_word' id='word_1_131' title='bbox 832 2553 931 2622; x_wconf 91' lang='lat' dir='ltr'>prope</span> <span class='ocrx_word' id='word_1_132' title='bbox 952 2528 1131 2622; x_wconf 87' lang='lat' dir='ltr'>presorium</span> <span class='ocrx_word' id='word_1_133' title='bbox 1151 2532 1192 2603; x_wconf 90' lang='lat' dir='ltr'>de</span> <span class='ocrx_word' id='word_1_134' title='bbox 1206 2528 1317 2615; x_wconf 85' lang='lat' dir='ltr'>iiiona,</span> <span class='ocrx_word' id='word_1_135' title='bbox 1340 2553 1417 2603; x_wconf 89' lang='lat' dir='ltr'>een·</span> 
     </span>
     <span class='ocr_line' id='line_1_18' title="bbox 292 2631 1416 2727; baseline 0.001 -14"><span class='ocrx_word' id='word_1_136' title='bbox 292 2667 363 2713; x_wconf 91' lang='lat' dir='ltr'>som</span> <span class='ocrx_word' id='word_1_137' title='bbox 383 2649 423 2715; x_wconf 92' lang='lat' dir='ltr'>de</span> <span class='ocrx_word' id='word_1_138' title='bbox 443 2650 561 2715; x_wconf 87' lang='lat' dir='ltr'>Sancto</span> <span class='ocrx_word' id='word_1_139' title='bbox 578 2645 714 2727; x_wconf 74' lang='lat' dir='ltr'>Privato,</span> <span class='ocrx_word' id='word_1_140' title='bbox 730 2668 864 2716; x_wconf 86' lang='lat' dir='ltr'>censum</span> <span class='ocrx_word' id='word_1_141' title='bbox 886 2647 925 2715; x_wconf 92' lang='lat' dir='ltr'>de</span> <span class='ocrx_word' id='word_1_142' title='bbox 941 2631 1006 2714; x_wconf 82' lang='lat' dir='ltr'>iiua</span> <span class='ocrx_word' id='word_1_143' title='bbox 1027 2649 1273 2726; x_wconf 67' lang='lat' dir='ltr'>duracensem</span> <span class='ocrx_word' id='word_1_144' title='bbox 1292 2646 1332 2716; x_wconf 89' lang='lat' dir='ltr'>de</span> <span class='ocrx_word' id='word_1_145' title='bbox 1352 2650 1416 2714; x_wconf 86' lang='lat' dir='ltr'>Gu-</span> 
     </span>
     <span class='ocr_line' id='line_1_19' title="bbox 288 2756 1411 2849; baseline 0.002 -24"><span class='ocrx_word' id='word_1_146' title='bbox 288 2761 377 2837; x_wconf 91' lang='lat' dir='ltr'>dum,</span> <span class='ocrx_word' id='word_1_147' title='bbox 390 2780 523 2827; x_wconf 90' lang='lat' dir='ltr'>censum</span> <span class='ocrx_word' id='word_1_148' title='bbox 545 2760 685 2849; x_wconf 74' lang='lat' dir='ltr'>dedarre</span> <span class='ocrx_word' id='word_1_149' title='bbox 697 2761 722 2839; x_wconf 84' lang='lat'>³,</span> <span class='ocrx_word' id='word_1_150' title='bbox 739 2780 875 2828; x_wconf 88' lang='lat' dir='ltr'>censum</span> <span class='ocrx_word' id='word_1_151' title='bbox 893 2759 933 2828; x_wconf 92' lang='lat' dir='ltr'>de</span> <span class='ocrx_word' id='word_1_152' title='bbox 954 2756 1065 2828; x_wconf 87' lang='lat' dir='ltr'>diodio</span> <span class='ocrx_word' id='word_1_153' title='bbox 1083 2758 1311 2828; x_wconf 87' lang='lat' dir='ltr'>steensumde</span> <span class='ocrx_word' id='word_1_154' title='bbox 1327 2769 1411 2828; x_wconf 85' lang='lat' dir='ltr'>terra</span> 
     </span>
     <span class='ocr_line' id='line_1_20' title="bbox 289 2868 1417 2961; baseline 0.002 -22"><span class='ocrx_word' id='word_1_155' title='bbox 289 2868 445 2961; x_wconf 79' lang='lat' dir='ltr'>episcopi.</span> <span class='ocrx_word' id='word_1_156' title='bbox 468 2874 514 2941; x_wconf 81' lang='lat' dir='ltr'>[ie</span> <span class='ocrx_word' id='word_1_157' title='bbox 534 2871 651 2961; x_wconf 83' lang='lat' dir='ltr'>quibus</span> <span class='ocrx_word' id='word_1_158' title='bbox 668 2868 898 2961; x_wconf 83' lang='lat' dir='ltr'>particionibus</span> <span class='ocrx_word' id='word_1_159' title='bbox 913 2882 945 2940; x_wconf 85' lang='lat' dir='ltr'>et</span> <span class='ocrx_word' id='word_1_160' title='bbox 960 2869 1175 2941; x_wconf 79' lang='lat' dir='ltr'>divisionibus</span> <span class='ocrx_word' id='word_1_161' title='bbox 1198 2876 1283 2941; x_wconf 87' lang='lat' dir='ltr'>Bovo</span> <span class='ocrx_word' id='word_1_162' title='bbox 1297 2869 1417 2959; x_wconf 78' lang='lat' dir='ltr'>etvin-</span> 
     </span>
     <span class='ocr_line' id='line_1_21' title="bbox 290 2983 1416 3077; baseline 0.002 -23"><span class='ocrx_word' id='word_1_163' title='bbox 290 2983 416 3055; x_wconf 87' lang='lat' dir='ltr'>cootius</span> <span class='ocrx_word' id='word_1_164' title='bbox 435 2985 569 3077; x_wconf 89' lang='lat' dir='ltr'>predicti</span> <span class='ocrx_word' id='word_1_165' title='bbox 593 3008 700 3055; x_wconf 89' lang='lat' dir='ltr'>coram</span> <span class='ocrx_word' id='word_1_166' title='bbox 727 2985 820 3055; x_wconf 84' lang='lat' dir='ltr'>nobis</span> <span class='ocrx_word' id='word_1_167' title='bbox 840 3006 876 3055; x_wconf 90' lang='lat' dir='ltr'>se</span> <span class='ocrx_word' id='word_1_168' title='bbox 909 2997 1081 3056; x_wconf 87' lang='lat' dir='ltr'>tenuerunt</span> <span class='ocrx_word' id='word_1_169' title='bbox 1100 2983 1241 3076; x_wconf 84' lang='lat' dir='ltr'>plenario</span> <span class='ocrx_word' id='word_1_170' title='bbox 1262 3008 1319 3076; x_wconf 92' lang='lat' dir='ltr'>pro</span> <span class='ocrx_word' id='word_1_171' title='bbox 1338 3007 1416 3057; x_wconf 88' lang='lat' dir='ltr'>coo·</span> 
     </span>
     <span class='ocr_line' id='line_1_22' title="bbox 289 3097 1412 3192; baseline 0.003 -24"><span class='ocrx_word' id='word_1_172' title='bbox 289 3097 398 3181; x_wconf 78' lang='lat' dir='ltr'>tentis.</span> <span class='ocrx_word' id='word_1_173' title='bbox 423 3098 648 3190; x_wconf 85' lang='lat' dir='ltr'>promittentes</span> <span class='ocrx_word' id='word_1_174' title='bbox 669 3124 725 3192; x_wconf 94' lang='lat' dir='ltr'>per</span> <span class='ocrx_word' id='word_1_175' title='bbox 746 3101 840 3171; x_wconf 83' lang='lat' dir='ltr'>fidem</span> <span class='ocrx_word' id='word_1_176' title='bbox 861 3122 951 3170; x_wconf 89' lang='lat' dir='ltr'>suam</span> <span class='ocrx_word' id='word_1_177' title='bbox 972 3101 1058 3190; x_wconf 85' lang='lat' dir='ltr'>quod</span> <span class='ocrx_word' id='word_1_178' title='bbox 1079 3112 1190 3171; x_wconf 90' lang='lat' dir='ltr'>contra</span> <span class='ocrx_word' id='word_1_179' title='bbox 1210 3101 1314 3171; x_wconf 81' lang='lat' dir='ltr'>dictas</span> <span class='ocrx_word' id='word_1_180' title='bbox 1342 3123 1412 3192; x_wconf 86' lang='lat' dir='ltr'>par-</span> 
     </span>
     <span class='ocr_line' id='line_1_23' title="bbox 288 3212 1411 3305; baseline 0.001 -22"><span class='ocrx_word' id='word_1_181' title='bbox 288 3212 427 3284; x_wconf 87' lang='lat' dir='ltr'>ticiones</span> <span class='ocrx_word' id='word_1_182' title='bbox 446 3228 476 3284; x_wconf 93' lang='lat' dir='ltr'>et</span> <span class='ocrx_word' id='word_1_183' title='bbox 498 3214 674 3285; x_wconf 79' lang='lat' dir='ltr'>divisiones</span> <span class='ocrx_word' id='word_1_184' title='bbox 695 3213 778 3284; x_wconf 89' lang='lat' dir='ltr'>inter</span> <span class='ocrx_word' id='word_1_185' title='bbox 799 3237 835 3284; x_wconf 93' lang='lat' dir='ltr'>se</span> <span class='ocrx_word' id='word_1_186' title='bbox 848 3216 888 3284; x_wconf 91' lang='lat' dir='ltr'>de</span> <span class='ocrx_word' id='word_1_187' title='bbox 905 3213 1001 3285; x_wconf 90' lang='lat' dir='ltr'>dictis</span> <span class='ocrx_word' id='word_1_188' title='bbox 1020 3212 1115 3286; x_wconf 90' lang='lat' dir='ltr'>bonis</span> <span class='ocrx_word' id='word_1_189' title='bbox 1131 3218 1297 3305; x_wconf 81' lang='lat' dir='ltr'>iactasper</span> <span class='ocrx_word' id='word_1_190' title='bbox 1313 3235 1349 3286; x_wconf 88' lang='lat' dir='ltr'>se</span> <span class='ocrx_word' id='word_1_191' title='bbox 1363 3216 1411 3286; x_wconf 81' lang='lat' dir='ltr'>vei</span> 
     </span>
     <span class='ocr_line' id='line_1_24' title="bbox 289 3325 1416 3417; baseline 0.001 -21"><span class='ocrx_word' id='word_1_192' title='bbox 289 3349 346 3415; x_wconf 91' lang='lat' dir='ltr'>per</span> <span class='ocrx_word' id='word_1_193' title='bbox 365 3325 446 3396; x_wconf 88' lang='lat' dir='ltr'>aiios</span> <span class='ocrx_word' id='word_1_194' title='bbox 472 3327 579 3416; x_wconf 83' lang='lat' dir='ltr'>aliquo</span> <span class='ocrx_word' id='word_1_195' title='bbox 608 3329 680 3416; x_wconf 86' lang='lat' dir='ltr'>jure</span> <span class='ocrx_word' id='word_1_196' title='bbox 710 3330 757 3396; x_wconf 87' lang='lat' dir='ltr'>vei</span> <span class='ocrx_word' id='word_1_197' title='bbox 791 3325 896 3417; x_wconf 78' lang='lat' dir='ltr'>aliqua</span> <span class='ocrx_word' id='word_1_198' title='bbox 917 3349 1012 3397; x_wconf 87' lang='lat' dir='ltr'>causa</span> <span class='ocrx_word' id='word_1_199' title='bbox 1047 3350 1110 3397; x_wconf 91' lang='lat' dir='ltr'>oon</span> <span class='ocrx_word' id='word_1_200' title='bbox 1132 3325 1261 3398; x_wconf 88' lang='lat' dir='ltr'>venient</span> <span class='ocrx_word' id='word_1_201' title='bbox 1281 3325 1312 3395; x_wconf 93' lang='lat' dir='ltr'>in</span> <span class='ocrx_word' id='word_1_202' title='bbox 1330 3329 1416 3397; x_wconf 86' lang='lat' dir='ltr'>iutu-</span> 
     </span>
     <span class='ocr_line' id='line_1_25' title="bbox 290 3438 1416 3532; baseline 0.003 -25"><span class='ocrx_word' id='word_1_203' title='bbox 290 3462 371 3508; x_wconf 93' lang='lat' dir='ltr'>rum.</span> <span class='ocrx_word' id='word_1_204' title='bbox 394 3444 457 3510; x_wconf 87' lang='lat' dir='ltr'>Nos</span> <span class='ocrx_word' id='word_1_205' title='bbox 478 3464 552 3509; x_wconf 87' lang='lat' dir='ltr'>vero</span> <span class='ocrx_word' id='word_1_206' title='bbox 584 3439 777 3530; x_wconf 89' lang='lat' dir='ltr'>particiones</span> <span class='ocrx_word' id='word_1_207' title='bbox 802 3454 832 3511; x_wconf 87' lang='lat' dir='ltr'>et</span> <span class='ocrx_word' id='word_1_208' title='bbox 853 3439 1028 3511; x_wconf 81' lang='lat' dir='ltr'>divisiones</span> <span class='ocrx_word' id='word_1_209' title='bbox 1048 3438 1209 3532; x_wconf 88' lang='lat' dir='ltr'>predictas</span> <span class='ocrx_word' id='word_1_210' title='bbox 1238 3441 1277 3511; x_wconf 86' lang='lat' dir='ltr'>td</span> <span class='ocrx_word' id='word_1_211' title='bbox 1303 3462 1416 3532; x_wconf 86' lang='lat' dir='ltr'>perpe·</span> 
     </span>
     <span class='ocr_line' id='line_1_26' title="bbox 289 3551 1416 3645; baseline 0.005 -25"><span class='ocrx_word' id='word_1_212' title='bbox 289 3551 433 3622; x_wconf 88' lang='lat' dir='ltr'>tuitatem</span> <span class='ocrx_word' id='word_1_213' title='bbox 454 3566 537 3622; x_wconf 88' lang='lat' dir='ltr'>ratas</span> <span class='ocrx_word' id='word_1_214' title='bbox 562 3556 717 3625; x_wconf 84' lang='lat' dir='ltr'>habentes</span> <span class='ocrx_word' id='word_1_215' title='bbox 732 3567 763 3624; x_wconf 86' lang='lat' dir='ltr'>et</span> <span class='ocrx_word' id='word_1_216' title='bbox 776 3557 898 3636; x_wconf 83' lang='lat' dir='ltr'>sirmas,</span> <span class='ocrx_word' id='word_1_217' title='bbox 919 3557 959 3625; x_wconf 91' lang='lat' dir='ltr'>ad</span> <span class='ocrx_word' id='word_1_218' title='bbox 973 3553 1158 3645; x_wconf 91' lang='lat' dir='ltr'>petitionem</span> <span class='ocrx_word' id='word_1_219' title='bbox 1183 3552 1344 3624; x_wconf 80' lang='lat' dir='ltr'>dictorum</span> <span class='ocrx_word' id='word_1_220' title='bbox 1357 3557 1416 3626; x_wconf 84' lang='lat' dir='ltr'>iio·</span> 
     </span>
     <span class='ocr_line' id='line_1_27' title="bbox 289 3664 1414 3757; baseline 0.004 -25"><span class='ocrx_word' id='word_1_221' title='bbox 289 3666 379 3734; x_wconf 84' lang='lat' dir='ltr'>nonis</span> <span class='ocrx_word' id='word_1_222' title='bbox 392 3678 424 3734; x_wconf 90' lang='lat' dir='ltr'>et</span> <span class='ocrx_word' id='word_1_223' title='bbox 452 3664 616 3735; x_wconf 85' lang='lat' dir='ltr'>vincencii</span> <span class='ocrx_word' id='word_1_224' title='bbox 650 3689 705 3736; x_wconf 91' lang='lat' dir='ltr'>eas</span> <span class='ocrx_word' id='word_1_225' title='bbox 723 3666 825 3757; x_wconf 83' lang='lat' dir='ltr'>segiiii</span> <span class='ocrx_word' id='word_1_226' title='bbox 845 3666 944 3737; x_wconf 87' lang='lat' dir='ltr'>nostri</span> <span class='ocrx_word' id='word_1_227' title='bbox 965 3665 1113 3736; x_wconf 84' lang='lat' dir='ltr'>duximus</span> <span class='ocrx_word' id='word_1_228' title='bbox 1136 3680 1298 3737; x_wconf 81' lang='lat' dir='ltr'>caractere</span> <span class='ocrx_word' id='word_1_229' title='bbox 1317 3667 1414 3737; x_wconf 88' lang='lat' dir='ltr'>robo-</span> 
     </span>
     <span class='ocr_line' id='line_1_28' title="bbox 287 3777 1078 3850; baseline 0 -4"><span class='ocrx_word' id='word_1_230' title='bbox 287 3779 415 3846; x_wconf 85' lang='lat' dir='ltr'>randas.</span> <span class='ocrx_word' id='word_1_231' title='bbox 434 3782 547 3846; x_wconf 88' lang='lat' dir='ltr'>Datttm</span> <span class='ocrx_word' id='word_1_232' title='bbox 562 3801 646 3848; x_wconf 92' lang='lat' dir='ltr'>auno</span> <span class='ocrx_word' id='word_1_233' title='bbox 666 3777 792 3849; x_wconf 80' lang='lat' dir='ltr'>[iomini</span> <span class='ocrx_word' id='word_1_234' title='bbox 814 3783 940 3850; x_wconf 81' lang='lat' dir='ltr'>iiCCXL</span> <span class='ocrx_word' id='word_1_235' title='bbox 953 3792 1078 3849; x_wconf 87' lang='lat' dir='ltr'>octavo.</span> 
     </span>
    </p>
   </div>
   <div class='ocr_carea' id='block_1_2' title="bbox 297 4205 613 4216">
    <p class='ocr_par' dir='ltr' id='par_1_3' title="bbox 297 4205 613 4216">
     <span class='ocr_line' id='line_1_29' title="bbox 297 4205 613 4216; baseline -0.006 0"><span class='ocrx_word' id='word_1_236' title='bbox 297 4205 613 4216; x_wconf 75' lang='lat'>-—-—-——</span> 
     </span>
    </p>
   </div>
   <div class='ocr_carea' id='block_1_3' title="bbox 322 4344 1413 4600">
    <p class='ocr_par' dir='ltr' id='par_1_4' title="bbox 322 4344 1413 4600">
     <span class='ocr_line' id='line_1_30' title="bbox 322 4344 718 4401; baseline -0.003 -1"><span class='ocrx_word' id='word_1_237' title='bbox 322 4347 330 4382; x_wconf 84' lang='lat'><strong>¹</strong></span> <span class='ocrx_word' id='word_1_238' title='bbox 352 4344 718 4401; x_wconf 83' lang='lat' dir='ltr'>Seirai-Denis·de·i&#39;iidtel.</span> 
     </span>
     <span class='ocr_line' id='line_1_31' title="bbox 324 4434 539 4491; baseline 0.005 -1"><span class='ocrx_word' id='word_1_239' title='bbox 324 4434 336 4470; x_wconf 74' lang='lat'>²</span> <span class='ocrx_word' id='word_1_240' title='bbox 355 4435 539 4491; x_wconf 86' lang='lat' dir='ltr'>Vausoudun.</span> 
     </span>
     <span class='ocr_line' id='line_1_32' title="bbox 322 4525 1413 4600; baseline 0.006 -19"><span class='ocrx_word' id='word_1_241' title='bbox 322 4525 334 4558; x_wconf 79' lang='lat'>⁸</span> <span class='ocrx_word' id='word_1_242' title='bbox 355 4528 430 4582; x_wconf 75' lang='lat' dir='ltr'>iians</span> <span class='ocrx_word' id='word_1_243' title='bbox 445 4542 483 4582; x_wconf 92' lang='lat' dir='ltr'>un</span> <span class='ocrx_word' id='word_1_244' title='bbox 499 4531 559 4581; x_wconf 86' lang='lat' dir='ltr'>acts</span> <span class='ocrx_word' id='word_1_245' title='bbox 574 4525 608 4580; x_wconf 88' lang='lat' dir='ltr'>de</span> <span class='ocrx_word' id='word_1_246' title='bbox 624 4526 703 4594; x_wconf 80' lang='lat' dir='ltr'>tuto,</span> <span class='ocrx_word' id='word_1_247' title='bbox 721 4529 813 4583; x_wconf 87' lang='lat' dir='ltr'>mdme</span> <span class='ocrx_word' id='word_1_248' title='bbox 828 4533 899 4597; x_wconf 80' lang='lat' dir='ltr'>cote¹</span> <span class='ocrx_word' id='word_1_249' title='bbox 921 4529 939 4583; x_wconf 87' lang='lat' dir='ltr'>ii</span> <span class='ocrx_word' id='word_1_250' title='bbox 966 4533 1008 4584; x_wconf 88' lang='lat' dir='ltr'>est</span> <span class='ocrx_word' id='word_1_251' title='bbox 1023 4527 1102 4600; x_wconf 77' lang='lat' dir='ltr'>perid</span> <span class='ocrx_word' id='word_1_252' title='bbox 1131 4526 1216 4584; x_wconf 83' lang='lat' dir='ltr'>d&#39;une</span> <span class='ocrx_word' id='word_1_253' title='bbox 1234 4529 1343 4586; x_wconf 83' lang='lat' dir='ltr'>maison</span> <span class='ocrx_word' id='word_1_254' title='bbox 1362 4547 1413 4588; x_wconf 85' lang='lat' dir='ltr'>roe</span> 
     </span>
    </p>
   </div>
   <div class='ocr_carea' id='block_1_4' title="bbox 286 4617 1411 4775">
    <p class='ocr_par' dir='ltr' id='par_1_5' title="bbox 286 4617 1411 4775">
     <span class='ocr_line' id='line_1_33' title="bbox 286 4617 1411 4690; baseline 0.008 -20"><span class='ocrx_word' id='word_1_255' title='bbox 286 4618 321 4671; x_wconf 87' lang='lat' dir='ltr'>de</span> <span class='ocrx_word' id='word_1_256' title='bbox 340 4617 366 4672; x_wconf 87' lang='lat' dir='ltr'>ia</span> <span class='ocrx_word' id='word_1_257' title='bbox 379 4617 529 4685; x_wconf 69' lang='lat' dir='ltr'>(Homeris,</span> <span class='ocrx_word' id='word_1_258' title='bbox 550 4635 610 4689; x_wconf 88' lang='lat' dir='ltr'>par.</span> <span class='ocrx_word' id='word_1_259' title='bbox 627 4618 789 4684; x_wconf 75' lang='lat' dir='ltr'>saint-iiim,</span> <span class='ocrx_word' id='word_1_260' title='bbox 806 4621 921 4690; x_wconf 77' lang='lat' dir='ltr'>appeide</span> <span class='ocrx_word' id='word_1_261' title='bbox 937 4619 1073 4677; x_wconf 81' lang='lat' dir='ltr'>autreiois</span> <span class='ocrx_word' id='word_1_262' title='bbox 1091 4641 1104 4671; x_wconf 81' lang='grc' dir='ltr'>ι</span> <span class='ocrx_word' id='word_1_263' title='bbox 1126 4620 1152 4675; x_wconf 87' lang='lat' dir='ltr'>is</span> <span class='ocrx_word' id='word_1_264' title='bbox 1166 4619 1276 4676; x_wconf 81' lang='lat' dir='ltr'>maison</span> <span class='ocrx_word' id='word_1_265' title='bbox 1291 4619 1328 4677; x_wconf 89' lang='lat' dir='ltr'>du</span> <span class='ocrx_word' id='word_1_266' title='bbox 1346 4623 1411 4679; x_wconf 82' lang='lat' dir='ltr'>Lar·</span> 
     </span>
     <span class='ocr_line' id='line_1_34' title="bbox 288 4704 793 4775; baseline 0.002 -16"><span class='ocrx_word' id='word_1_267' title='bbox 288 4706 326 4759; x_wconf 81' lang='lat' dir='ltr'>rin</span> <span class='ocrx_word' id='word_1_268' title='bbox 347 4724 371 4760; x_wconf 78' lang='lat' dir='ltr'>n.</span> <span class='ocrx_word' id='word_1_269' title='bbox 394 4705 585 4760; x_wconf 83' lang='lat' dir='ltr'>Est-eed&#39;eiie</span> <span class='ocrx_word' id='word_1_270' title='bbox 600 4705 668 4775; x_wconf 80' lang='lat' dir='ltr'>qu&#39;ii</span> <span class='ocrx_word' id='word_1_271' title='bbox 688 4704 793 4774; x_wconf 74' lang='lat' dir='ltr'>s&#39;agiti</span> 
     </span>
    </p>
   </div>
   <div class='ocr_carea' id='block_1_5' title="bbox 0 0 1714 5490">
    <p class='ocr_par' dir='ltr' id='par_1_6' title="bbox 0 0 1714 5490">
     <span class='ocr_line' id='line_1_35' title="bbox 0 0 1714 5490; baseline 0 2"><span class='ocrx_word' id='word_1_272' title='bbox 0 0 1714 5490; x_wconf 95' lang='lat' dir='ltr'> </span> 
     </span>
    </p>
   </div>
  </div>
 </body>
</html>
