3420 5490
764 719 801 735 -
823 679 883 751 383
905 720 941 733 ·-

292 804 350 878 tuti
372 810 538 898 presencia
567 814 729 881 totraunes
758 812 798 881 de
828 810 1046 895 Saumcriacn
1077 811 1182 898 mites,
1214 825 1247 884 et
1274 808 1417 904 t‘tritippa

291 922 361 1010 ejus
390 944 479 1006 uror,
512 925 673 1013 quandam
706 936 821 993 terranr
851 922 1016 1005 arabilem,
1046 945 1160 1013 aquam
1186 937 1219 994 et
1244 923 1414 1017 rippariatn

290 1058 370 1124 quas
390 1037 551 1105 trabebant
569 1038 652 1126 apud
674 1039 779 1106 iocum
799 1035 853 1126 qui
875 1036 993 1106 dicitur
1013 1036 1207 1119 Vittecuche,
1234 1052 1414 1119 moventes,

292 1161 325 1216 ut
345 1147 507 1229 dicebant,
525 1171 562 1218 er
583 1147 758 1219 hereditate
779 1147 882 1239 ipsius
908 1148 1033 1232 mitius,
1063 1162 1094 1218 et
1121 1148 1274 1240 quicquid
1293 1149 1415 1222 ibidem

293 1263 453 1331 trabebant
479 1263 692 1332 vendiderunt
717 1275 749 1333 et
775 1263 808 1330 in
836 1273 1024 1352 perpetuum
1057 1261 1184 1352 penitus
1212 1264 1416 1353 quitaverunt

292 1373 367 1445 riris
386 1376 625 1447 veneratrititrus
645 1381 790 1448 itanasse
814 1378 937 1447 decano
963 1388 997 1446 et
1021 1375 1160 1466 capituto
1181 1375 1416 1463 aurelianensi,

293 1491 400 1578 precio
428 1489 555 1580 sepcies
597 1489 705 1582 viginti
739 1491 889 1560 tibrarnru
918 1488 1160 1581 parisiensium,
1180 1491 1221 1562 de
1238 1489 1354 1582 quibus
1379 1514 1416 1564 sc

292 1617 463 1675 tenuerunt
481 1603 576 1674 iidem
602 1607 697 1674 mites
722 1618 753 1675 et
780 1607 851 1695 ejus
878 1627 955 1675 uror
973 1626 1081 1674 curarn
1102 1603 1196 1675 nobis
1216 1627 1273 1695 pro
1293 1603 1416 1695 papatis

291 1715 322 1786 in
357 1720 493 1808 pecunia
525 1731 704 1802 numerata,
737 1718 976 1808 promittentes,
999 1725 1090 1790 cte...
1136 1722 1215 1790 ttenr
1257 1716 1417 1810 promise·

294 1849 380 1918 runt,
400 1846 487 1906 etc...
508 1835 675 1927 Phiiippus
696 1858 770 1906 sero
789 1848 820 1905 et
842 1836 977 1921 ttetoria,
1001 1832 1093 1905 tiberi
1114 1833 1272 1905 dictorum
1300 1834 1414 1906 militis

290 1952 403 2038 eteius
419 1951 538 2030 uxoris,
555 1948 671 2018 ‹tirtarn
690 1947 907 2019 venditionem
927 1946 1097 2041 spontanei
1110 1949 1328 2020 concedentes
1341 1970 1416 2040 pro·

291 2060 447 2131 miserunt
477 2084 532 2151 per
563 2064 657 2131 fidem
691 2061 721 2129 in
755 2083 850 2130 mauu
870 2073 979 2132 nostra
1007 2064 1176 2151 prestitam
1196 2063 1282 2152 quod
1303 2074 1415 2132 contra

290 2195 360 2243 eanr
386 2196 442 2264 per
470 2176 580 2244 seret
610 2195 667 2263 per
697 2173 793 2243 atinru
825 2196 889 2244 non
919 2172 1048 2245 venient
1066 2172 1171 2264 aliqua
1197 2173 1332 2260 ratione,
1355 2194 1415 2244 nec

290 2288 399 2359 venire
427 2286 459 2356 in
486 2301 650 2378 posterum
677 2286 880 2379 atiquatenus
903 2288 1150 2378 attemptabant.
1181 2290 1215 2358 tn
1244 2289 1338 2380 cujus
1368 2285 1414 2358 rei

289 2402 478 2473 memorianr
498 2415 531 2472 ct
551 2399 770 2472 testimouium
796 2415 963 2493 presentes
989 2400 1112 2474 litteras
1140 2400 1246 2495 sigillo
1273 2402 1415 2475 taretia·

290 2515 401 2588 nensis
415 2515 504 2588 curie
523 2518 561 2586 art
578 2540 691 2609 preces
721 2515 857 2608 partium
889 2518 1039 2589 duximus
1059 2519 1270 2589 roborandas.
1300 2520 1415 2590 Datum
1448 2543 1450 2547 ’

289 2655 374 2703 anuo
404 2631 532 2704 Domini
561 2631 733 2704 mittesimo
767 2635 994 2704 ducentesimo
1027 2631 1274 2724 quadragesimo
1314 2655 1414 2715 nono,

290 2769 401 2818 rueuse
418 2748 511 2837 julio.

739 3074 963 3136 cccxxxvttt

775 3349 835 3409 utar
853 3348 932 3410 1250

292 3573 386 3630 Pierre
408 3577 546 3642 Coureeu,
567 3573 716 3642 chevalier,
736 3571 903 3667 abendorrne
922 3571 948 3626 te
967 3570 1040 3626 droit
1054 3570 1089 3624 de
1104 3568 1198 3625 tutette
1212 3584 1250 3624 ou
1265 3582 1416 3623 comman-

326 3669 386 3723 ‹tise
401 3670 467 3740 qu'it
484 3668 639 3739 pretendait
653 3668 729 3722 avoir
744 3684 794 3723 sur
807 3668 857 3721 des
873 3669 1001 3723 hornrnes
1013 3671 1039 3722 ct
1056 3666 1176 3720 temrncs
1192 3663 1227 3719 de
1241 3661 1384 3719 Sto-Groix
1400 3662 1417 3716 t

326 3766 428 3835 Marsy.

569 3891 655 3961 (Orig.
672 3907 695 3945 s.
709 3891 802 3963 purch.
818 3890 902 3946 Arch.
919 3889 957 3945 du
973 3889 1076 3960 boirrt,
1091 3891 1137 3958 G.)

337 4102 496 4175 Universis
517 4119 685 4195 presentes
711 4104 833 4174 litteras
853 4101 1047 4194 inspecturis
1072 4099 1321 4192 archipresbiter
1339 4104 1416 4171 Gra·

291 4217 462 4287 sisciensis
503 4222 652 4288 satutem.
691 4216 843 4288 Norerint
878 4215 1017 4287 universi
1060 4216 1146 4305 quod
1189 4237 1261 4287 cunr
1302 4218 1415 4286 Petrus

292 4331 420 4414 Cureti,
435 4334 538 4419 nites,
558 4333 677 4402 diceret
695 4355 729 4402 se
744 4335 863 4402 trabere
878 4329 1127 4402 commenticias
1143 4351 1240 4422 super
1258 4330 1414 4420 quosdam

292 4448 439 4518 irorniues
459 4461 490 4519 et
510 4449 664 4538 qrrasdaru
686 4447 820 4518 terninas
842 4451 958 4517 Sancte
976 4444 1087 4517 Crucis
1114 4447 1154 4517 de
1182 4445 1309 4531 ttazeio,
1342 4457 1415 4515 tau·

291 4567 364 4634 deur
386 4561 467 4634 inter
488 4562 700 4634 rcrreratritenr
725 4561 826 4631 rirurn
848 4564 1064 4655 tt[anassern],
1088 4562 1244 4632 decanum
1272 4558 1414 4630 nuretia·

289 4700 437 4766 nensenr,
455 4703 491 4749 ex
510 4701 571 4747 nna
588 4690 688 4768 parte,
710 4690 742 4747 et
761 4675 883 4748 dicturu
901 4678 1044 4759 Petrum,
1063 4698 1101 4747 er
1117 4677 1230 4758 attera,
1245 4672 1417 4747 intervenit
