3420 5490
762 716 941 779 -m-

285 848 404 914 Saoete
424 842 535 913 Crucis
557 843 604 912 ret
637 842 669 910 io
690 840 760 931 ipsa
786 840 916 930 majuria
941 843 989 911 sei
1022 839 1173 931 predictis
1205 842 1302 912 rebus
1326 839 1413 921 atits.

286 955 356 1047 ipss
376 958 423 1026 sei
441 958 595 1027 heredum
628 976 760 1024 suorum
793 952 911 1043 aliquis
942 952 1038 1024 oiehii
1070 952 1203 1023 omniuo
1226 955 1345 1044 poterit
1373 955 1414 1026 de

286 1081 394 1140 cetero
408 1070 592 1148 redamare.
609 1071 671 1137 troo
685 1079 792 1136 tameo
806 1078 942 1155 excepto
960 1067 1061 1155 quod,
1074 1064 1106 1134 io
1125 1064 1312 1136 nemoribus
1326 1088 1413 1158 eapr-

287 1180 343 1250 tuti
364 1180 505 1250 Sareotis
521 1178 686 1271 proximis.
708 1177 872 1249 usuarium
894 1200 988 1248 suum
1008 1179 1071 1247 hoe
1098 1190 1208 1248 tenore
1232 1178 1293 1249 sibi
1332 1178 1412 1249 deti·

287 1292 369 1376 uuit,
391 1295 477 1382 quod
509 1315 671 1383 nunquam
705 1296 765 1362 hoe
786 1289 950 1362 usuarium
982 1289 1153 1370 dividetur.
1191 1292 1250 1362 aed
1285 1312 1415 1382 semum

286 1409 327 1479 do
343 1430 534 1500 possessore
559 1406 655 1478 unico
682 1408 722 1476 ad
754 1407 885 1478 unicum
924 1404 1073 1476 deseoirt
1110 1427 1348 1480 successorem.
1380 1403 1413 1476 Si

288 1547 363 1595 roro
398 1534 511 1593 erotem
532 1545 662 1594 nemora
684 1524 822 1594 uendere
843 1519 983 1614 capituto
1001 1519 1168 1613 placuerit,
1186 1542 1349 1614 uunquam
1373 1520 1414 1591 ab

288 1643 427 1711 doberto
456 1642 503 1710 sei
529 1640 600 1729 ejus
631 1638 877 1710 suecessoribus
912 1639 1026 1707 homm
1067 1635 1207 1707 venditio
1244 1658 1413 1708 nemorum

287 1753 403 1847 poterit
430 1753 621 1836 contradici,
643 1758 712 1839 sed,
736 1765 898 1824 trausacto
919 1766 993 1844 post
1013 1766 1174 1845 peractam
1196 1749 1412 1824 uenditionem

287 1869 520 1963 quinquennio,
538 1871 578 1939 ad
599 1868 763 1939 usuarium
784 1890 878 1938 suum
891 1867 975 1937 sicut
994 1881 1087 1939 aotea
1108 1866 1208 1939 iibere
1222 1880 1411 1939 revertetur.

288 1987 379 2054 Nudo
399 1998 505 2054 tameo
526 1982 578 2053 die
597 2004 767 2073 possessor
781 1980 899 2052 usuarii
913 1979 1052 2072 amptius
1066 2003 1161 2071 quam
1175 1983 1280 2073 {uuam
1302 1982 1335 2053 io
1349 1979 1414 2052 ittis

289 2098 476 2167 nemoribus
518 2095 624 2186 capiet
655 2097 891 2185 quadrigulam.
923 2093 954 2164 Si
988 2095 1085 2164 etiam
1110 2096 1149 2163 ad
1186 2094 1412 2183 agriculturam

289 2211 357 2301 ipsa
373 2233 504 2280 uemora
525 2209 670 2298 redigere
685 2207 860 2297 capitutum
873 2209 1021 2287 soluerit,
1044 2229 1105 2278 nee
1116 2207 1146 2276 id
1167 2206 1272 2298 ipsum
1284 2229 1414 2298 posses·

288 2347 343 2394 sor
364 2325 483 2393 usuarii
505 2320 673 2413 prohibere
694 2320 823 2411 poterit.
846 2343 906 2392 oee
922 2319 953 2390 iu
974 2333 1058 2390 terra
1087 2318 1187 2390 cultui
1209 2323 1256 2391 uei
1277 2318 1414 2391 stiueits

288 2436 394 2506 dedita
415 2433 535 2527 aliquid
568 2433 748 2505 vendicare.
788 2436 897 2503 t‘reter
934 2436 994 2503 itee
1018 2444 1125 2502 autem
1150 2430 1260 2523 uiginti
1292 2432 1415 2504 solidos

287 2552 469 2628 eeosmies,
491 2552 544 2639 qui
566 2572 624 2639 pro
645 2561 725 2617 terrs
746 2546 856 2617 aratriti
885 2545 945 2618 sita
979 2549 1118 2617 Eehoiiis
1144 2545 1238 2617 aoois
1275 2545 1415 2637 singuiis

287 2665 427 2756 capitolo
458 2664 686 2741 reddebantur,
712 2676 744 2732 et
769 2659 921 2752 quiequid
947 2659 978 2730 iu
1009 2662 1122 2731 eadem
1152 2675 1248 2741 terra,
1283 2673 1416 2752 excepta

288 2776 408 2845 minuta
436 2775 559 2845 decima
577 2786 609 2845 et
638 2772 768 2864 justicia
803 2772 1059 2850 christianitatis,
1076 2776 1215 2845 habebat
1239 2773 1415 2865 eapituium

288 2892 428 2959 durterto
443 2887 575 2978 quitavit
593 2886 721 2978 penitus
741 2885 801 2956 sibi
821 2909 950 2976 semper
984 2887 1117 2976 suisque
1166 2888 1416 2959 suecessoribus

288 2998 512 3069 obtinendum.
543 2998 655 3068 i'iitam
686 2998 782 3069 etiam
821 2998 951 3090 capituti
990 3023 1053 3089 que
1087 2999 1268 3092 i’iterpiuua
1301 2999 1416 3091 gattico

290 3127 506 3203 uoueopatun
520 3126 552 3182 et
563 3117 670 3181 oruoia
684 3137 745 3204 quo
759 3112 877 3182 ibidem
899 3115 946 3183 rei
960 3111 991 3181 io
1005 3115 1149 3203 ejusdem
1165 3113 1237 3185 viiie
1253 3111 1414 3183 territurio

290 3238 353 3294 tam
380 3225 411 3295 io
431 3225 612 3297 redditibus
632 3249 726 3317 quam
747 3225 778 3295 iu
794 3223 976 3317 hospitibus
995 3239 1027 3295 et
1049 3228 1146 3296 rebus
1175 3225 1247 3296 aiiis
1276 3228 1415 3298 tatetsu

290 3342 481 3430 capitutum,
503 3352 634 3429 excepta
657 3352 762 3409 tamen
784 3339 906 3409 minuta
926 3339 1049 3409 decima
1075 3352 1107 3409 et
1123 3339 1251 3429 justicia
1267 3338 1415 3410 christia·

292 3453 401 3522 nitatis
421 3476 494 3523 eum
514 3453 622 3523 attaris
642 3452 790 3544 panibus,
804 3474 932 3524 uecoou
947 3466 979 3523 et
995 3466 1114 3524 terram
1146 3476 1239 3524 susm
1260 3452 1413 3525 anuitsm

291 3570 487 3638 adetuocto
522 3569 659 3638 doberto
688 3570 727 3636 de
766 3565 901 3637 ttmteio
942 3570 1090 3638 collatam
1123 3566 1262 3640 ecetesie
1299 3572 1416 3639 Sauute

294 3681 406 3752 Crucis
426 3705 500 3753 eom
515 3680 724 3771 herbergagio
742 3682 781 3751 ad
796 3680 901 3752 uittam
916 3704 1007 3751 suam
1021 3705 1084 3771 que
1098 3685 1297 3774 Tryeuayun
1308 3683 1417 3773 apped-

292 3797 386 3877 iatur,
409 3798 547 3865 tuderto
570 3797 704 3884 suisque
733 3794 979 3865 suecessoribus
999 3794 1031 3866 iu
1052 3808 1241 3887 perpetuum
1270 3796 1417 3866 habenda

290 3930 330 3979 eo
349 3911 445 3979 modo
458 3907 547 3979 dedit
565 3908 741 3999 capitulum
762 3909 847 3998 quod
868 3910 931 3980 isse
945 3909 1060 3980 eadem
1080 3931 1154 3981 eum
1167 3931 1269 3981 ceusu
1288 3921 1321 3981 et
1334 3922 1417 3982 terra

291 4025 331 4093 de
360 4022 498 4092 Echetiis
524 4035 704 4113 prenotata,
729 4035 762 4092 et
801 4026 997 4115 prefatorum
1019 4045 1190 4094 nummum
1219 4023 1364 4107 usuario,
1384 4023 1417 4093 is

291 4135 366 4225 ligio
386 4135 570 4206 successise
590 4138 745 4206 teoehuot
774 4137 882 4218 feodo,
902 4149 936 4207 et
968 4135 1099 4207 oumioe
1131 4134 1261 4228 eapituii
1294 4137 1418 4207 deeaoo

293 4254 410 4315 Sancto
432 4247 543 4316 t'rueis
567 4247 745 4316 dominium
766 4247 841 4317 iude
863 4247 981 4318 taeieot
1000 4247 1084 4318 sicut
1118 4248 1245 4338 tigeitas
1274 4246 1419 4318 noscitur

294 4360 466 4449 postutare.
490 4362 534 4428 ttd
556 4361 616 4430 hec
636 4374 747 4430 notum
767 4357 992 4430 tacimuseum
1013 4359 1180 4451 predictis,
1198 4361 1284 4450 quod
1311 4360 1417 4450 ipsum

292 4472 466 4540 dobertum
482 4485 513 4540 et
530 4492 659 4540 oaorem
679 4472 750 4560 ejus
769 4492 843 4541 eum
857 4469 931 4541 ditis
942 4484 974 4542 et
992 4473 1118 4542 titrabus
1131 4472 1318 4543 eorumdem
1334 4469 1420 4541 uatis

292 4600 323 4655 et
341 4583 524 4666 nascituris,
539 4598 571 4655 et
591 4597 654 4656 tam
667 4608 798 4656 omnem
819 4585 986 4678 utriusque
1004 4608 1102 4657 serus
1124 4584 1321 4678 progeniem.
1355 4606 1421 4677 qua

292 4702 430 4792 depatre
441 4723 502 4772 suo
517 4703 670 4773 detuueto
686 4702 826 4774 doberto
840 4700 985 4774 noscitur
998 4700 1221 4786 deseendium
1234 4723 1331 4796 quam
1352 4699 1420 4773 sui·
