3420 5490
824 697 943 763 205-

291 828 398 898 eiente
415 838 447 897 et
462 827 661 896 eoncedente
680 823 821 916 espituie
843 829 960 895 Srnete
977 825 1102 906 Crucis,
1124 822 1263 896 ecclesie
1297 828 1419 915 Gsrpu·

290 937 405 1029 pitensi
426 941 478 1028 jus
516 950 702 1029 pstrunstus
735 935 874 1008 ecetesie
902 938 942 1007 de
983 936 1115 1008 Noemie
1140 935 1313 1009 iibeniiter
1339 960 1418 1009 eun·

289 1053 401 1131 cessit,
423 1067 453 1121 et
471 1051 610 1141 benigne
630 1075 702 1132 nus.
716 1065 870 1142 qurntnrn
892 1051 923 1120 in
959 1049 1053 1121 nubis
1085 1064 1148 1133 est,
1175 1053 1306 1143 provide
1338 1050 1416 1123 iibe-

290 1166 404 1237 talitali
423 1189 481 1236 sne
501 1180 643 1237 nostrurn
663 1164 891 1258 irnpereientes
906 1188 1089 1245 assensum.
1107 1163 1313 1236 donationem
1330 1165 1415 1235 ittam

288 1283 519 1372 approbamus,
557 1293 589 1350 et
615 1302 686 1349 euin
717 1279 961 1371 inperpetuum
996 1292 1096 1349 return
1131 1280 1287 1350 innitentes
1319 1277 1416 1369 sigilii

290 1392 390 1464 nostri
411 1394 618 1464 attestatione
637 1394 879 1464 confirmemus.
902 1395 1017 1464 tetum
1030 1392 1231 1482 unnegrutie
1250 1393 1275 1462 Ι
1295 1393 1417 1463 dueen-

290 1522 418 1579 terune.

808 2194 890 2259 1200

288 2472 349 2531 uon
365 2489 416 2547 prr
429 2473 554 2547 t'ereqne
567 2471 716 2530 ri'Ortesns
728 2488 764 2528 uu
779 2471 904 2546 cespius
915 2472 954 2530 du
969 2488 1038 2530 esus
1051 2470 1086 2529 de
1098 2470 1125 2529 is
1138 2471 1247 2530 nisinen
1258 2470 1295 2529 rie
1306 2471 1415 2529 irretit·

718 2567 813 2626 ttinere
825 2568 977 2628 musteus.

597 2741 685 2813 (orte.
702 2741 787 2799 uret.
804 2741 842 2797 uu
857 2741 962 2814 turns,
977 2742 1011 2797 u.
1028 2741 1103 2811 nes).

332 2990 437 3077 tingo,
455 2987 513 3057 Dei
533 2986 632 3076 gratis
647 2982 887 3055 Aurelianensis
905 2982 1092 3076 episeopus,
1113 2985 1265 3057 omuibus
1277 2987 1316 3056 sti
1332 3007 1414 3078 ques

288 3116 455 3192 presentes
475 3099 581 3170 iittere
606 3097 809 3190 pervenerint
840 3097 871 3167 in
911 3112 1113 3190 perpetuum.
1136 3103 1250 3170 Noturn
1279 3100 1414 3172 iseimus

288 3215 445 3285 universis
466 3214 670 3305 presentibus
690 3214 807 3304 puriter
830 3225 863 3282 et
881 3212 997 3282 tuturis
1025 3215 1110 3302 quud
1142 3225 1244 3283 toturn
1277 3235 1412 3285 eeusurn

287 3327 340 3417 qui
363 3327 455 3397 nobis
475 3330 516 3397 rie
535 3328 632 3396 deute
652 3326 792 3395 defuncti
814 3326 955 3409 Canulei,
976 3328 1138 3415 quondam
1174 3326 1413 3398 Aurelianensis

287 3439 518 3520 archidiaconi,
541 3440 705 3508 annuntiet
738 3439 928 3516 debebatur,
961 3441 1028 3507 Deo
1060 3451 1092 3508 et
1128 3439 1267 3510 ecclesie
1297 3442 1415 3511 sancte

288 3552 398 3622 Crucis
409 3557 440 3621 in
452 3553 663 3622 sternesinurn
678 3549 874 3619 cuntuiinurs
889 3566 1045 3642 perpetuo
1060 3552 1307 3640 possidendum.
1320 3553 1413 3637 Quot

287 3681 321 3735 nt
339 3680 441 3735 return
463 3679 609 3734 teneatur
626 3677 657 3733 et
678 3677 789 3733 nutum
810 3677 1007 3752 permanent.
1045 3676 1229 3753 presentem
1261 3663 1409 3755 pepinum

288 3780 403 3850 titteris
424 3792 607 3849 unrtutatsrn
628 3775 723 3863 sipitii
758 3775 856 3846 nostri
888 3789 1052 3847 emetere
1087 3777 1224 3848 teeinsus
1258 3777 1413 3849 reuereri.

288 3901 398 3966 tetruu
449 3919 535 3965 snitu
577 3889 808 3963 iucarnationis
842 3890 1010 3964 Durniniee
1050 3891 1223 3967 tniiiesirnu
1262 3896 1415 3967 tineente

287 4035 380 4084 strue.
