<?xml version="1.0" encoding="UTF-8"?>
<!DOCTYPE html PUBLIC "-//W3C//DTD XHTML 1.0 Transitional//EN"
    "http://www.w3.org/TR/xhtml1/DTD/xhtml1-transitional.dtd">
<html xmlns="http://www.w3.org/1999/xhtml" xml:lang="en" lang="en">
 <head>
  <title>
</title>
<meta http-equiv="Content-Type" content="text/html;charset=utf-8" />
  <meta name='ocr-system' content='tesseract 3.04.00' />
  <meta name='ocr-capabilities' content='ocr_page ocr_carea ocr_par ocr_line ocrx_word'/>
</head>
<body>
  <div class='ocr_page' id='page_1' title='image "./cartulairedesai00jarrgoog_0644.png"; bbox 0 0 3420 5490; ppageno 0'>
   <div class='ocr_carea' id='block_1_1' title="bbox 765 682 945 745">
    <p class='ocr_par' dir='ltr' id='par_1_1' title="bbox 765 682 945 745">
     <span class='ocr_line' id='line_1_1' title="bbox 765 682 945 745; baseline -0.017 1"><span class='ocrx_word' id='word_1_1' title='bbox 765 682 945 745; x_wconf 77' lang='lat'>-518-</span> 
     </span>
    </p>
   </div>
   <div class='ocr_carea' id='block_1_2' title="bbox 287 806 1421 3941">
    <p class='ocr_par' dir='ltr' id='par_1_2' title="bbox 287 806 1421 3617">
     <span class='ocr_line' id='line_1_2' title="bbox 290 806 1420 901; baseline -0.002 -19"><span class='ocrx_word' id='word_1_2' title='bbox 290 826 323 883; x_wconf 75' lang='lat' dir='ltr'><strong>ec</strong></span> <span class='ocrx_word' id='word_1_3' title='bbox 342 808 522 882; x_wconf 79' lang='lat' dir='ltr'>Aurelianis</span> <span class='ocrx_word' id='word_1_4' title='bbox 554 808 585 879; x_wconf 96' lang='lat' dir='ltr'><strong>in</strong></span> <span class='ocrx_word' id='word_1_5' title='bbox 615 808 760 901; x_wconf 80' lang='lat' dir='ltr'><strong>pluribus</strong></span> <span class='ocrx_word' id='word_1_6' title='bbox 791 807 862 879; x_wconf 87' lang='lat' dir='ltr'><strong>aiiis</strong></span> <span class='ocrx_word' id='word_1_7' title='bbox 893 806 987 893; x_wconf 83' lang='lat' dir='ltr'><strong>locis,</strong></span> <span class='ocrx_word' id='word_1_8' title='bbox 1004 810 1047 880; x_wconf 77' lang='lat' dir='ltr'><strong>&#39;et</strong></span> <span class='ocrx_word' id='word_1_9' title='bbox 1076 809 1162 899; x_wconf 85' lang='lat' dir='ltr'><strong>quod</strong></span> <span class='ocrx_word' id='word_1_10' title='bbox 1181 807 1332 901; x_wconf 83' lang='lat' dir='ltr'><strong>compelli</strong></span> <span class='ocrx_word' id='word_1_11' title='bbox 1351 830 1420 880; x_wconf 90' lang='lat' dir='ltr'><strong>non</strong></span> 
     </span>
     <span class='ocr_line' id='line_1_3' title="bbox 288 920 1419 1019; baseline -0.001 -22"><span class='ocrx_word' id='word_1_12' title='bbox 288 938 423 1019; x_wconf 74' lang='lat' dir='ltr'><strong>possent</strong></span> <span class='ocrx_word' id='word_1_13' title='bbox 455 938 541 997; x_wconf 75' lang='lat' dir='ltr'><strong>caira</strong></span> <span class='ocrx_word' id='word_1_14' title='bbox 571 947 701 996; x_wconf 82' lang='lat' dir='ltr'><strong>manuni</strong></span> <span class='ocrx_word' id='word_1_15' title='bbox 727 946 817 995; x_wconf 90' lang='lat' dir='ltr'><strong>suam</strong></span> <span class='ocrx_word' id='word_1_16' title='bbox 849 944 969 1015; x_wconf 87' lang='lat' dir='ltr'><strong>ponere</strong></span> <span class='ocrx_word' id='word_1_17' title='bbox 995 944 1131 995; x_wconf 87' lang='lat' dir='ltr'><strong>censum</strong></span> <span class='ocrx_word' id='word_1_18' title='bbox 1158 920 1350 1014; x_wconf 75' lang='lat' dir='ltr'><strong>predictum,</strong></span> <span class='ocrx_word' id='word_1_19' title='bbox 1377 944 1419 996; x_wconf 83' lang='lat' dir='ltr'><strong>ac</strong></span> 
     </span>
     <span class='ocr_line' id='line_1_4' title="bbox 289 1034 1420 1130; baseline -0.004 -19"><span class='ocrx_word' id='word_1_20' title='bbox 289 1041 428 1111; x_wconf 89' lang='lat' dir='ltr'><strong>eundem</strong></span> <span class='ocrx_word' id='word_1_21' title='bbox 448 1061 583 1109; x_wconf 84' lang='lat' dir='ltr'><strong>censum</strong></span> <span class='ocrx_word' id='word_1_22' title='bbox 614 1037 760 1130; x_wconf 74' lang='lat' dir='ltr'><strong>predium</strong></span> <span class='ocrx_word' id='word_1_23' title='bbox 788 1034 947 1127; x_wconf 78' lang='lat' dir='ltr'><strong>capicerio</strong></span> <span class='ocrx_word' id='word_1_24' title='bbox 969 1048 1001 1105; x_wconf 79' lang='lat' dir='ltr'><strong>et</strong></span> <span class='ocrx_word' id='word_1_25' title='bbox 1027 1038 1096 1106; x_wconf 92' lang='lat' dir='ltr'><strong>suis</strong></span> <span class='ocrx_word' id='word_1_26' title='bbox 1111 1035 1358 1108; x_wconf 81' lang='lat' dir='ltr'><strong>successoribus</strong></span> <span class='ocrx_word' id='word_1_27' title='bbox 1383 1038 1420 1107; x_wconf 89' lang='lat' dir='ltr'><strong>iu</strong></span> 
     </span>
     <span class='ocr_line' id='line_1_5' title="bbox 289 1146 1420 1251; baseline -0.002 -30"><span class='ocrx_word' id='word_1_28' title='bbox 289 1151 375 1222; x_wconf 74' lang='lat' dir='ltr'><strong>dicto</strong></span> <span class='ocrx_word' id='word_1_29' title='bbox 392 1150 584 1251; x_wconf 81' lang='lat' dir='ltr'><strong>capiceriam</strong></span> <span class='ocrx_word' id='word_1_30' title='bbox 617 1148 740 1220; x_wconf 71' lang='lat' dir='ltr'><strong>eluxerit</strong></span> <span class='ocrx_word' id='word_1_31' title='bbox 766 1147 1035 1233; x_wconf 72' lang='lat' dir='ltr'><strong>modificandum,</strong></span> <span class='ocrx_word' id='word_1_32' title='bbox 1051 1161 1145 1238; x_wconf 77' lang='lat' dir='ltr'><strong>prout</strong></span> <span class='ocrx_word' id='word_1_33' title='bbox 1167 1146 1262 1219; x_wconf 84' lang='lat' dir='ltr'><strong>nobis</strong></span> <span class='ocrx_word' id='word_1_34' title='bbox 1288 1162 1420 1219; x_wconf 73' lang='lat' dir='ltr'><strong>constat</strong></span> 
     </span>
     <span class='ocr_line' id='line_1_6' title="bbox 290 1259 1420 1356; baseline -0.001 -22"><span class='ocrx_word' id='word_1_35' title='bbox 290 1286 346 1356; x_wconf 88' lang='lat' dir='ltr'><strong>per</strong></span> <span class='ocrx_word' id='word_1_36' title='bbox 366 1262 487 1332; x_wconf 78' lang='lat' dir='ltr'><strong>iirreras</strong></span> <span class='ocrx_word' id='word_1_37' title='bbox 508 1260 641 1352; x_wconf 72' lang='lat' dir='ltr'>predicti</span> <span class='ocrx_word' id='word_1_38' title='bbox 655 1260 895 1353; x_wconf 77' lang='lat' dir='ltr'><strong>predecessoris</strong></span> <span class='ocrx_word' id='word_1_39' title='bbox 909 1259 1010 1329; x_wconf 83' lang='lat' dir='ltr'><strong>noslri</strong></span> <span class='ocrx_word' id='word_1_40' title='bbox 1036 1261 1077 1329; x_wconf 91' lang='lat' dir='ltr'><strong>de</strong></span> <span class='ocrx_word' id='word_1_41' title='bbox 1100 1262 1163 1330; x_wconf 78' lang='lat' dir='ltr'><strong>dioc</strong></span> <span class='ocrx_word' id='word_1_42' title='bbox 1182 1263 1263 1331; x_wconf 79' lang='lat' dir='ltr'><strong>laras</strong></span> <span class='ocrx_word' id='word_1_43' title='bbox 1273 1261 1297 1344; x_wconf 88' lang='lat'><strong>¹,</strong></span> <span class='ocrx_word' id='word_1_44' title='bbox 1321 1260 1420 1333; x_wconf 85' lang='lat' dir='ltr'><strong>nobis</strong></span> 
     </span>
     <span class='ocr_line' id='line_1_7' title="bbox 289 1370 1420 1466; baseline -0.003 -18"><span class='ocrx_word' id='word_1_45' title='bbox 289 1389 451 1458; x_wconf 75' lang='lat' dir='ltr'><strong>ostensas,</strong></span> <span class='ocrx_word' id='word_1_46' title='bbox 467 1374 584 1466; x_wconf 83' lang='lat' dir='ltr'><strong>quibus</strong></span> <span class='ocrx_word' id='word_1_47' title='bbox 600 1376 695 1445; x_wconf 87' lang='lat' dir='ltr'><strong>ddcm</strong></span> <span class='ocrx_word' id='word_1_48' title='bbox 715 1372 934 1465; x_wconf 77' lang='lat' dir='ltr'><strong>plenissimam</strong></span> <span class='ocrx_word' id='word_1_49' title='bbox 959 1370 1163 1457; x_wconf 79' lang='lat' dir='ltr'><strong>adhibemus,</strong></span> <span class='ocrx_word' id='word_1_50' title='bbox 1195 1395 1269 1455; x_wconf 88' lang='lat' dir='ltr'><strong>uos,</strong></span> <span class='ocrx_word' id='word_1_51' title='bbox 1300 1370 1420 1445; x_wconf 82' lang='lat' dir='ltr'><strong>uriiira·</strong></span> 
     </span>
     <span class='ocr_line' id='line_1_8' title="bbox 291 1482 1417 1579; baseline -0.001 -19"><span class='ocrx_word' id='word_1_52' title='bbox 291 1505 355 1560; x_wconf 79' lang='lat' dir='ltr'><strong>tem</strong></span> <span class='ocrx_word' id='word_1_53' title='bbox 372 1489 586 1579; x_wconf 80' lang='lat' dir='ltr'><strong>capicerincns</strong></span> <span class='ocrx_word' id='word_1_54' title='bbox 604 1485 737 1577; x_wconf 74' lang='lat' dir='ltr'><strong>preciosi</strong></span> <span class='ocrx_word' id='word_1_55' title='bbox 757 1500 790 1557; x_wconf 77' lang='lat' dir='ltr'><strong>es</strong></span> <span class='ocrx_word' id='word_1_56' title='bbox 810 1484 1049 1555; x_wconf 70' lang='lat' dir='ltr'><strong>Aurelianensis</strong></span> <span class='ocrx_word' id='word_1_57' title='bbox 1065 1482 1417 1575; x_wconf 76' lang='lat' dir='ltr'><strong>ecciesicadcctanlcs,</strong></span> 
     </span>
     <span class='ocr_line' id='line_1_9' title="bbox 290 1599 1419 1691; baseline -0.003 -17"><span class='ocrx_word' id='word_1_58' title='bbox 290 1601 397 1674; x_wconf 89' lang='lat' dir='ltr'><strong>omnia</strong></span> <span class='ocrx_word' id='word_1_59' title='bbox 426 1614 458 1672; x_wconf 76' lang='lat' dir='ltr'><strong>ct</strong></span> <span class='ocrx_word' id='word_1_60' title='bbox 478 1600 604 1690; x_wconf 79' lang='lat' dir='ltr'><strong>singula</strong></span> <span class='ocrx_word' id='word_1_61' title='bbox 619 1599 760 1691; x_wconf 78' lang='lat' dir='ltr'><strong>predica</strong></span> <span class='ocrx_word' id='word_1_62' title='bbox 773 1602 919 1671; x_wconf 77' lang='lat' dir='ltr'><strong>volumus</strong></span> <span class='ocrx_word' id='word_1_63' title='bbox 939 1613 970 1669; x_wconf 77' lang='lat' dir='ltr'><strong>cu</strong></span> <span class='ocrx_word' id='word_1_64' title='bbox 989 1601 1219 1690; x_wconf 83' lang='lat' dir='ltr'><strong>approbamus,</strong></span> <span class='ocrx_word' id='word_1_65' title='bbox 1236 1612 1281 1684; x_wconf 79' lang='lat' dir='ltr'><strong>cl,</strong></span> <span class='ocrx_word' id='word_1_66' title='bbox 1301 1600 1331 1671; x_wconf 91' lang='lat' dir='ltr'><strong>si</strong></span> <span class='ocrx_word' id='word_1_67' title='bbox 1351 1622 1419 1671; x_wconf 87' lang='lat' dir='ltr'><strong>non</strong></span> 
     </span>
     <span class='ocr_line' id='line_1_10' title="bbox 291 1714 1419 1802; baseline -0.003 -18"><span class='ocrx_word' id='word_1_68' title='bbox 291 1715 454 1786; x_wconf 75' lang='lat' dir='ltr'><strong>tonuerint</strong></span> <span class='ocrx_word' id='word_1_69' title='bbox 469 1717 516 1783; x_wconf 85' lang='lat' dir='ltr'><strong>vei</strong></span> <span class='ocrx_word' id='word_1_70' title='bbox 531 1737 595 1782; x_wconf 91' lang='lat' dir='ltr'><strong>nou</strong></span> <span class='ocrx_word' id='word_1_71' title='bbox 618 1715 774 1783; x_wconf 74' lang='lat' dir='ltr'><strong>valuerint</strong></span> <span class='ocrx_word' id='word_1_72' title='bbox 787 1714 893 1802; x_wconf 77' lang='lat' dir='ltr'><strong>aliquia</strong></span> <span class='ocrx_word' id='word_1_73' title='bbox 907 1716 947 1782; x_wconf 89' lang='lat' dir='ltr'><strong>dc</strong></span> <span class='ocrx_word' id='word_1_74' title='bbox 966 1736 1075 1793; x_wconf 78' lang='lat' dir='ltr'><strong>carisa,</strong></span> <span class='ocrx_word' id='word_1_75' title='bbox 1094 1725 1201 1783; x_wconf 75' lang='lat' dir='ltr'><strong>tamen</strong></span> <span class='ocrx_word' id='word_1_76' title='bbox 1221 1714 1368 1783; x_wconf 77' lang='lat' dir='ltr'><strong>colurnus</strong></span> <span class='ocrx_word' id='word_1_77' title='bbox 1384 1728 1419 1783; x_wconf 85' lang='lat' dir='ltr'><strong>er</strong></span> 
     </span>
     <span class='ocr_line' id='line_1_11' title="bbox 289 1824 1421 1916; baseline -0.003 -18"><span class='ocrx_word' id='word_1_78' title='bbox 289 1826 500 1898; x_wconf 90' lang='lat' dir='ltr'><strong>concedimus</strong></span> <span class='ocrx_word' id='word_1_79' title='bbox 520 1829 560 1897; x_wconf 92' lang='lat' dir='ltr'><strong>de</strong></span> <span class='ocrx_word' id='word_1_80' title='bbox 580 1849 662 1896; x_wconf 88' lang='lat' dir='ltr'><strong>novo</strong></span> <span class='ocrx_word' id='word_1_81' title='bbox 681 1828 768 1914; x_wconf 81' lang='lat' dir='ltr'><strong>quod</strong></span> <span class='ocrx_word' id='word_1_82' title='bbox 788 1825 893 1895; x_wconf 77' lang='lat' dir='ltr'><strong>dictus</strong></span> <span class='ocrx_word' id='word_1_83' title='bbox 911 1824 1090 1916; x_wconf 77' lang='lat' dir='ltr'><strong>capicerius</strong></span> <span class='ocrx_word' id='word_1_84' title='bbox 1103 1838 1137 1896; x_wconf 76' lang='lat' dir='ltr'><strong>er</strong></span> <span class='ocrx_word' id='word_1_85' title='bbox 1149 1847 1357 1896; x_wconf 88' lang='lat' dir='ltr'><strong>successores</strong></span> <span class='ocrx_word' id='word_1_86' title='bbox 1366 1824 1421 1895; x_wconf 89' lang='lat' dir='ltr'><strong>sui</strong></span> 
     </span>
     <span class='ocr_line' id='line_1_12' title="bbox 290 1937 1421 2029; baseline -0.001 -20"><span class='ocrx_word' id='word_1_87' title='bbox 290 1942 412 2009; x_wconf 78' lang='lat' dir='ltr'><strong>dicrum</strong></span> <span class='ocrx_word' id='word_1_88' title='bbox 438 1960 572 2010; x_wconf 89' lang='lat' dir='ltr'><strong>censum</strong></span> <span class='ocrx_word' id='word_1_89' title='bbox 597 1960 738 2008; x_wconf 90' lang='lat' dir='ltr'><strong>annuum</strong></span> <span class='ocrx_word' id='word_1_90' title='bbox 759 1950 913 2029; x_wconf 77' lang='lat' dir='ltr'><strong>perpetuo</strong></span> <span class='ocrx_word' id='word_1_91' title='bbox 943 1937 1129 2029; x_wconf 77' lang='lat' dir='ltr'><strong>possideant</strong></span> <span class='ocrx_word' id='word_1_92' title='bbox 1155 1950 1185 2008; x_wconf 76' lang='lat' dir='ltr'><strong>eu</strong></span> <span class='ocrx_word' id='word_1_93' title='bbox 1212 1940 1365 2022; x_wconf 78' lang='lat' dir='ltr'><strong>drabeam,</strong></span> <span class='ocrx_word' id='word_1_94' title='bbox 1385 1951 1421 2009; x_wconf 78' lang='lat' dir='ltr'><strong>eu</strong></span> 
     </span>
     <span class='ocr_line' id='line_1_13' title="bbox 289 2050 1418 2144; baseline -0.001 -22"><span class='ocrx_word' id='word_1_95' title='bbox 289 2054 375 2144; x_wconf 90' lang='lat' dir='ltr'><strong>quod</strong></span> <span class='ocrx_word' id='word_1_96' title='bbox 406 2050 555 2142; x_wconf 83' lang='lat' dir='ltr'><strong>compelii</strong></span> <span class='ocrx_word' id='word_1_97' title='bbox 583 2053 766 2121; x_wconf 77' lang='lat' dir='ltr'><strong>narraremus</strong></span> <span class='ocrx_word' id='word_1_98' title='bbox 798 2050 923 2141; x_wconf 79' lang='lat' dir='ltr'><strong>possint</strong></span> <span class='ocrx_word' id='word_1_99' title='bbox 954 2050 1134 2142; x_wconf 76' lang='lat' dir='ltr'><strong>prodicium</strong></span> <span class='ocrx_word' id='word_1_100' title='bbox 1162 2070 1297 2121; x_wconf 89' lang='lat' dir='ltr'><strong>censum</strong></span> <span class='ocrx_word' id='word_1_101' title='bbox 1328 2062 1418 2122; x_wconf 77' lang='lat' dir='ltr'><strong>crura</strong></span> 
     </span>
     <span class='ocr_line' id='line_1_14' title="bbox 289 2160 1414 2253; baseline -0.001 -19"><span class='ocrx_word' id='word_1_102' title='bbox 289 2187 420 2235; x_wconf 90' lang='lat' dir='ltr'><strong>manum</strong></span> <span class='ocrx_word' id='word_1_103' title='bbox 440 2186 531 2234; x_wconf 91' lang='lat' dir='ltr'><strong>suam</strong></span> <span class='ocrx_word' id='word_1_104' title='bbox 553 2185 686 2253; x_wconf 83' lang='lat' dir='ltr'><strong>ponere,</strong></span> <span class='ocrx_word' id='word_1_105' title='bbox 702 2165 902 2233; x_wconf 89' lang='lat' dir='ltr'><strong>aceumdem</strong></span> <span class='ocrx_word' id='word_1_106' title='bbox 926 2184 1060 2233; x_wconf 88' lang='lat' dir='ltr'><strong>censum</strong></span> <span class='ocrx_word' id='word_1_107' title='bbox 1080 2183 1155 2232; x_wconf 92' lang='lat' dir='ltr'><strong>curn</strong></span> <span class='ocrx_word' id='word_1_108' title='bbox 1175 2160 1264 2232; x_wconf 89' lang='lat' dir='ltr'><strong>omni</strong></span> <span class='ocrx_word' id='word_1_109' title='bbox 1279 2162 1414 2253; x_wconf 76' lang='lat' dir='ltr'><strong>justicia</strong></span> 
     </span>
     <span class='ocr_line' id='line_1_15' title="bbox 288 2273 1420 2367; baseline -0.002 -18"><span class='ocrx_word' id='word_1_110' title='bbox 288 2299 346 2349; x_wconf 92' lang='lat' dir='ltr'><strong>seu</strong></span> <span class='ocrx_word' id='word_1_111' title='bbox 367 2276 552 2348; x_wconf 81' lang='lat' dir='ltr'><strong>redeirenria</strong></span> <span class='ocrx_word' id='word_1_112' title='bbox 572 2277 612 2347; x_wconf 91' lang='lat' dir='ltr'><strong>ad</strong></span> <span class='ocrx_word' id='word_1_113' title='bbox 632 2298 766 2346; x_wconf 88' lang='lat' dir='ltr'><strong>censum</strong></span> <span class='ocrx_word' id='word_1_114' title='bbox 796 2300 854 2347; x_wconf 92' lang='lat' dir='ltr'><strong>scu</strong></span> <span class='ocrx_word' id='word_1_115' title='bbox 886 2274 1063 2346; x_wconf 87' lang='lat' dir='ltr'><strong>dominium</strong></span> <span class='ocrx_word' id='word_1_116' title='bbox 1090 2296 1209 2346; x_wconf 91' lang='lat' dir='ltr'><strong>census</strong></span> <span class='ocrx_word' id='word_1_117' title='bbox 1234 2273 1420 2367; x_wconf 80' lang='lat' dir='ltr'><strong>hujusmodi</strong></span> 
     </span>
     <span class='ocr_line' id='line_1_16' title="bbox 288 2389 1418 2485; baseline 0 -22"><span class='ocrx_word' id='word_1_118' title='bbox 288 2395 412 2485; x_wconf 87' lang='lat' dir='ltr'><strong>dejure</strong></span> <span class='ocrx_word' id='word_1_119' title='bbox 441 2415 498 2463; x_wconf 88' lang='lat' dir='ltr'><strong>scu</strong></span> <span class='ocrx_word' id='word_1_120' title='bbox 526 2390 762 2463; x_wconf 73' lang='lat' dir='ltr'><strong>cousuetudine</strong></span> <span class='ocrx_word' id='word_1_121' title='bbox 793 2389 964 2484; x_wconf 77' lang='lat' dir='ltr'><strong>peruinculi</strong></span> <span class='ocrx_word' id='word_1_122' title='bbox 982 2393 1107 2463; x_wconf 88' lang='lat' dir='ltr'><strong>cisdcru</strong></span> <span class='ocrx_word' id='word_1_123' title='bbox 1127 2389 1418 2478; x_wconf 79' lang='lat' dir='ltr'><strong>admoniiicanrus,</strong></span> 
     </span>
     <span class='ocr_line' id='line_1_17' title="bbox 290 2504 1417 2598; baseline -0.001 -20"><span class='ocrx_word' id='word_1_124' title='bbox 290 2510 433 2578; x_wconf 81' lang='lat' dir='ltr'><strong>volentes</strong></span> <span class='ocrx_word' id='word_1_125' title='bbox 462 2522 495 2576; x_wconf 81' lang='lat' dir='ltr'><strong>ur</strong></span> <span class='ocrx_word' id='word_1_126' title='bbox 527 2506 659 2598; x_wconf 79' lang='lat' dir='ltr'><strong>perdice</strong></span> <span class='ocrx_word' id='word_1_127' title='bbox 686 2522 716 2576; x_wconf 79' lang='lat' dir='ltr'><strong>cr</strong></span> <span class='ocrx_word' id='word_1_128' title='bbox 747 2504 856 2597; x_wconf 79' lang='lat' dir='ltr'><strong>quiere</strong></span> <span class='ocrx_word' id='word_1_129' title='bbox 881 2504 1148 2577; x_wconf 81' lang='lat' dir='ltr'><strong>admorridcarum</strong></span> <span class='ocrx_word' id='word_1_130' title='bbox 1169 2529 1244 2577; x_wconf 91' lang='lat' dir='ltr'><strong>cnm</strong></span> <span class='ocrx_word' id='word_1_131' title='bbox 1263 2504 1417 2577; x_wconf 81' lang='lat' dir='ltr'><strong>omnibus</strong></span> 
     </span>
     <span class='ocr_line' id='line_1_18' title="bbox 289 2618 1417 2713; baseline 0 -22"><span class='ocrx_word' id='word_1_132' title='bbox 289 2620 441 2713; x_wconf 83' lang='lat' dir='ltr'><strong>prodieris</strong></span> <span class='ocrx_word' id='word_1_133' title='bbox 461 2635 590 2692; x_wconf 70' lang='lat' dir='ltr'><strong>teneant</strong></span> <span class='ocrx_word' id='word_1_134' title='bbox 605 2619 637 2690; x_wconf 92' lang='lat' dir='ltr'><strong>in</strong></span> <span class='ocrx_word' id='word_1_135' title='bbox 652 2624 791 2690; x_wconf 80' lang='lat' dir='ltr'><strong>{usurum</strong></span> <span class='ocrx_word' id='word_1_136' title='bbox 803 2622 960 2710; x_wconf 84' lang='lat' dir='ltr'><strong>omncjus</strong></span> <span class='ocrx_word' id='word_1_137' title='bbox 973 2635 1004 2691; x_wconf 81' lang='lat' dir='ltr'><strong>eu</strong></span> <span class='ocrx_word' id='word_1_138' title='bbox 1017 2642 1145 2691; x_wconf 90' lang='lat' dir='ltr'><strong>omnem</strong></span> <span class='ocrx_word' id='word_1_139' title='bbox 1158 2618 1318 2691; x_wconf 81' lang='lat' dir='ltr'><strong>cerionem</strong></span> <span class='ocrx_word' id='word_1_140' title='bbox 1330 2622 1417 2711; x_wconf 85' lang='lat' dir='ltr'><strong>quod</strong></span> 
     </span>
     <span class='ocr_line' id='line_1_19' title="bbox 288 2732 1416 2824; baseline -0.002 -19"><span class='ocrx_word' id='word_1_141' title='bbox 288 2748 318 2805; x_wconf 79' lang='lat' dir='ltr'><strong>el</strong></span> <span class='ocrx_word' id='word_1_142' title='bbox 336 2756 398 2824; x_wconf 81' lang='lat' dir='ltr'><strong>que</strong></span> <span class='ocrx_word' id='word_1_143' title='bbox 418 2733 511 2803; x_wconf 78' lang='lat' dir='ltr'><strong>nobis</strong></span> <span class='ocrx_word' id='word_1_144' title='bbox 531 2738 732 2824; x_wconf 76' lang='lat' dir='ltr'><strong>comperiret</strong></span> <span class='ocrx_word' id='word_1_145' title='bbox 747 2747 931 2824; x_wconf 79' lang='lat' dir='ltr'><strong>competere</strong></span> <span class='ocrx_word' id='word_1_146' title='bbox 948 2747 1053 2824; x_wconf 75' lang='lat' dir='ltr'><strong>potest</strong></span> <span class='ocrx_word' id='word_1_147' title='bbox 1076 2735 1206 2804; x_wconf 79' lang='lat' dir='ltr'><strong>racione</strong></span> <span class='ocrx_word' id='word_1_148' title='bbox 1227 2732 1416 2803; x_wconf 73' lang='lat' dir='ltr'><strong>admortisa-</strong></span> 
     </span>
     <span class='ocr_line' id='line_1_20' title="bbox 288 2846 1414 2938; baseline 0.001 -20"><span class='ocrx_word' id='word_1_149' title='bbox 288 2846 391 2919; x_wconf 88' lang='lat' dir='ltr'><strong>cionis</strong></span> <span class='ocrx_word' id='word_1_150' title='bbox 428 2870 486 2918; x_wconf 92' lang='lat' dir='ltr'><strong>seu</strong></span> <span class='ocrx_word' id='word_1_151' title='bbox 511 2846 719 2918; x_wconf 85' lang='lat' dir='ltr'><strong>alicuacionis</strong></span> <span class='ocrx_word' id='word_1_152' title='bbox 750 2851 985 2938; x_wconf 79' lang='lat' dir='ltr'><strong>cujuscurnrpre</strong></span> <span class='ocrx_word' id='word_1_153' title='bbox 1019 2870 1075 2938; x_wconf 90' lang='lat' dir='ltr'><strong>per</strong></span> <span class='ocrx_word' id='word_1_154' title='bbox 1117 2850 1253 2919; x_wconf 83' lang='lat' dir='ltr'><strong>rasaiios</strong></span> <span class='ocrx_word' id='word_1_155' title='bbox 1283 2862 1414 2919; x_wconf 72' lang='lat' dir='ltr'><strong>unsaros</strong></span> 
     </span>
     <span class='ocr_line' id='line_1_21' title="bbox 287 2960 1418 3055; baseline 0.001 -24"><span class='ocrx_word' id='word_1_156' title='bbox 287 2964 370 3033; x_wconf 75' lang='lat' dir='ltr'><strong>facie</strong></span> <span class='ocrx_word' id='word_1_157' title='bbox 391 2964 437 3032; x_wconf 87' lang='lat' dir='ltr'><strong>vei</strong></span> <span class='ocrx_word' id='word_1_158' title='bbox 458 2963 550 3045; x_wconf 84' lang='lat' dir='ltr'><strong>alias,</strong></span> <span class='ocrx_word' id='word_1_159' title='bbox 566 2976 677 3033; x_wconf 69' lang='lat' dir='ltr'><strong>nostro</strong></span> <span class='ocrx_word' id='word_1_160' title='bbox 694 2965 740 3031; x_wconf 84' lang='lat' dir='ltr'><strong>vci</strong></span> <span class='ocrx_word' id='word_1_161' title='bbox 756 2964 1021 3053; x_wconf 85' lang='lat' dir='ltr'><strong>predecessorum</strong></span> <span class='ocrx_word' id='word_1_162' title='bbox 1034 2973 1217 3032; x_wconf 78' lang='lat' dir='ltr'><strong>nostrorum</strong></span> <span class='ocrx_word' id='word_1_163' title='bbox 1232 2984 1299 3033; x_wconf 89' lang='lat' dir='ltr'><strong>nou</strong></span> <span class='ocrx_word' id='word_1_164' title='bbox 1314 2960 1418 3055; x_wconf 80' lang='lat' dir='ltr'><strong>requi-</strong></span> 
     </span>
     <span class='ocr_line' id='line_1_22' title="bbox 287 3074 1416 3167; baseline 0.001 -21"><span class='ocrx_word' id='word_1_165' title='bbox 287 3076 349 3146; x_wconf 82' lang='lat' dir='ltr'><strong>siro</strong></span> <span class='ocrx_word' id='word_1_166' title='bbox 381 3075 521 3146; x_wconf 73' lang='lat' dir='ltr'><strong>consilio</strong></span> <span class='ocrx_word' id='word_1_167' title='bbox 551 3079 598 3147; x_wconf 83' lang='lat' dir='ltr'><strong>rei</strong></span> <span class='ocrx_word' id='word_1_168' title='bbox 637 3099 774 3146; x_wconf 89' lang='lat' dir='ltr'><strong>assensu</strong></span> <span class='ocrx_word' id='word_1_169' title='bbox 801 3098 860 3147; x_wconf 85' lang='lat' dir='ltr'><strong>scu</strong></span> <span class='ocrx_word' id='word_1_170' title='bbox 893 3080 1038 3157; x_wconf 76' lang='lat' dir='ltr'><strong>olderico,</strong></span> <span class='ocrx_word' id='word_1_171' title='bbox 1071 3074 1176 3146; x_wconf 89' lang='lat' dir='ltr'><strong>eideur</strong></span> <span class='ocrx_word' id='word_1_172' title='bbox 1204 3074 1364 3167; x_wconf 85' lang='lat' dir='ltr'><strong>capicerio</strong></span> <span class='ocrx_word' id='word_1_173' title='bbox 1383 3091 1416 3147; x_wconf 80' lang='lat' dir='ltr'><strong>et</strong></span> 
     </span>
     <span class='ocr_line' id='line_1_23' title="bbox 287 3186 1413 3279; baseline 0 -20"><span class='ocrx_word' id='word_1_174' title='bbox 287 3188 532 3260; x_wconf 87' lang='lat' dir='ltr'><strong>successoribus</strong></span> <span class='ocrx_word' id='word_1_175' title='bbox 552 3190 620 3259; x_wconf 93' lang='lat' dir='ltr'><strong>suis</strong></span> <span class='ocrx_word' id='word_1_176' title='bbox 647 3192 761 3259; x_wconf 83' lang='lat' dir='ltr'><strong>danres</strong></span> <span class='ocrx_word' id='word_1_177' title='bbox 786 3189 915 3279; x_wconf 79' lang='lat' dir='ltr'><strong>perdurs</strong></span> <span class='ocrx_word' id='word_1_178' title='bbox 941 3206 973 3260; x_wconf 81' lang='lat' dir='ltr'><strong>er</strong></span> <span class='ocrx_word' id='word_1_179' title='bbox 1004 3192 1171 3259; x_wconf 72' lang='lat' dir='ltr'><strong>cedentes.</strong></span> <span class='ocrx_word' id='word_1_180' title='bbox 1198 3194 1234 3259; x_wconf 89' lang='lat' dir='ltr'><strong>iu</strong></span> <span class='ocrx_word' id='word_1_181' title='bbox 1254 3190 1348 3279; x_wconf 81' lang='lat' dir='ltr'><strong>cujus</strong></span> <span class='ocrx_word' id='word_1_182' title='bbox 1367 3186 1413 3260; x_wconf 88' lang='lat' dir='ltr'><strong>rei</strong></span> 
     </span>
     <span class='ocr_line' id='line_1_24' title="bbox 290 3300 1417 3390; baseline 0.001 -21"><span class='ocrx_word' id='word_1_183' title='bbox 290 3301 509 3371; x_wconf 74' lang='lat' dir='ltr'><strong>resrirnonium</strong></span> <span class='ocrx_word' id='word_1_184' title='bbox 541 3300 681 3390; x_wconf 76' lang='lat' dir='ltr'><strong>sigilium</strong></span> <span class='ocrx_word' id='word_1_185' title='bbox 709 3314 855 3370; x_wconf 80' lang='lat' dir='ltr'><strong>nosrrum</strong></span> <span class='ocrx_word' id='word_1_186' title='bbox 890 3300 1093 3390; x_wconf 72' lang='lat' dir='ltr'><strong>presentibus</strong></span> <span class='ocrx_word' id='word_1_187' title='bbox 1127 3300 1243 3371; x_wconf 79' lang='lat' dir='ltr'><strong>iitreris</strong></span> <span class='ocrx_word' id='word_1_188' title='bbox 1268 3300 1417 3371; x_wconf 80' lang='lat' dir='ltr'><strong>duximus</strong></span> 
     </span>
     <span class='ocr_line' id='line_1_25' title="bbox 289 3412 1418 3505; baseline 0 -22"><span class='ocrx_word' id='word_1_189' title='bbox 289 3415 528 3505; x_wconf 89' lang='lat' dir='ltr'><strong>apponendum.</strong></span> <span class='ocrx_word' id='word_1_190' title='bbox 550 3418 666 3484; x_wconf 75' lang='lat' dir='ltr'><strong>lictum</strong></span> <span class='ocrx_word' id='word_1_191' title='bbox 686 3436 771 3483; x_wconf 92' lang='lat' dir='ltr'><strong>anuo</strong></span> <span class='ocrx_word' id='word_1_192' title='bbox 791 3412 917 3484; x_wconf 82' lang='lat' dir='ltr'><strong>Domini</strong></span> <span class='ocrx_word' id='word_1_193' title='bbox 939 3418 979 3483; x_wconf 83' lang='lat' dir='ltr'><strong>di⁰</strong></span> <span class='ocrx_word' id='word_1_194' title='bbox 995 3412 1238 3496; x_wconf 75' lang='lat' dir='ltr'><strong>trecentesimo,</strong></span> <span class='ocrx_word' id='word_1_195' title='bbox 1260 3412 1312 3485; x_wconf 90' lang='lat' dir='ltr'><strong>dic</strong></span> <span class='ocrx_word' id='word_1_196' title='bbox 1340 3414 1418 3485; x_wconf 80' lang='lat' dir='ltr'><strong>dune</strong></span> 
     </span>
     <span class='ocr_line' id='line_1_26' title="bbox 292 3524 890 3617; baseline 0 -22"><span class='ocrx_word' id='word_1_197' title='bbox 292 3540 363 3617; x_wconf 77' lang='lat' dir='ltr'><strong>posi</strong></span> <span class='ocrx_word' id='word_1_198' title='bbox 383 3524 617 3596; x_wconf 81' lang='lat' dir='ltr'><strong>Exairacionem</strong></span> <span class='ocrx_word' id='word_1_199' title='bbox 639 3540 750 3597; x_wconf 72' lang='lat' dir='ltr'><strong>sancte</strong></span> <span class='ocrx_word' id='word_1_200' title='bbox 768 3525 890 3596; x_wconf 85' lang='lat' dir='ltr'><strong>Crucis.</strong></span> 
     </span>
    </p>

    <p class='ocr_par' dir='ltr' id='par_1_3' title="bbox 291 3639 1418 3826">
     <span class='ocr_line' id='line_1_27' title="bbox 335 3639 1418 3731; baseline 0.003 -21"><span class='ocrx_word' id='word_1_201' title='bbox 335 3641 428 3726; x_wconf 84' lang='lat' dir='ltr'><strong>Quod</strong></span> <span class='ocrx_word' id='word_1_202' title='bbox 450 3654 558 3711; x_wconf 80' lang='lat' dir='ltr'><strong>autem</strong></span> <span class='ocrx_word' id='word_1_203' title='bbox 597 3639 734 3711; x_wconf 81' lang='lat' dir='ltr'><strong>vidimus</strong></span> <span class='ocrx_word' id='word_1_204' title='bbox 763 3645 1068 3712; x_wconf 75' lang='lat' dir='ltr'><strong>uesrarnur.1)aluru</strong></span> <span class='ocrx_word' id='word_1_205' title='bbox 1093 3662 1179 3711; x_wconf 91' lang='lat' dir='ltr'><strong>anno</strong></span> <span class='ocrx_word' id='word_1_206' title='bbox 1207 3654 1242 3711; x_wconf 81' lang='lat' dir='ltr'><strong>ct</strong></span> <span class='ocrx_word' id='word_1_207' title='bbox 1268 3640 1322 3711; x_wconf 89' lang='lat' dir='ltr'><strong>dic</strong></span> <span class='ocrx_word' id='word_1_208' title='bbox 1347 3660 1418 3731; x_wconf 68' lang='lat' dir='ltr'><strong>pre</strong></span> 
     </span>
     <span class='ocr_line' id='line_1_28' title="bbox 291 3754 400 3826; baseline 0.009 -3"><span class='ocrx_word' id='word_1_209' title='bbox 291 3754 400 3826; x_wconf 80' lang='lat' dir='ltr'><strong>dicris.</strong></span> 
     </span>
    </p>

    <p class='ocr_par' dir='ltr' id='par_1_4' title="bbox 1122 3874 1322 3941">
     <span class='ocr_line' id='line_1_29' title="bbox 1122 3874 1322 3941; baseline 0.005 -2"><span class='ocrx_word' id='word_1_210' title='bbox 1122 3874 1322 3941; x_wconf 82' lang='lat' dir='ltr'><strong>(irrrccccuus.</strong></span> 
     </span>
    </p>
   </div>
   <div class='ocr_carea' id='block_1_3' title="bbox 293 4570 1417 4583">
    <p class='ocr_par' dir='ltr' id='par_1_5' title="bbox 293 4570 1417 4583">
     <span class='ocr_line' id='line_1_30' title="bbox 293 4570 1417 4583; baseline 0.001 -2"><span class='ocrx_word' id='word_1_211' title='bbox 293 4572 426 4581; x_wconf 71' lang='lat' dir='ltr'>n—n———n</span> <span class='ocrx_word' id='word_1_212' title='bbox 436 4570 1417 4583; x_wconf 62' lang='grc' dir='ltr'><strong>------------ιι-ι------Π-Ἣ</strong></span> 
     </span>
    </p>
   </div>
   <div class='ocr_carea' id='block_1_4' title="bbox 325 4684 589 4741">
    <p class='ocr_par' dir='ltr' id='par_1_6' title="bbox 325 4684 589 4741">
     <span class='ocr_line' id='line_1_31' title="bbox 325 4684 589 4741; baseline -0.015 0"><span class='ocrx_word' id='word_1_213' title='bbox 325 4685 335 4721; x_wconf 85' lang='lat'>¹</span> <span class='ocrx_word' id='word_1_214' title='bbox 355 4684 407 4741; x_wconf 81' lang='lat' dir='ltr'><strong>Ch.</strong></span> <span class='ocrx_word' id='word_1_215' title='bbox 423 4684 589 4741; x_wconf 79' lang='lat' dir='ltr'>GCCLXIX.</span> 
     </span>
    </p>
   </div>
   <div class='ocr_carea' id='block_1_5' title="bbox 0 0 1714 5490">
    <p class='ocr_par' dir='ltr' id='par_1_7' title="bbox 0 0 1714 5490">
     <span class='ocr_line' id='line_1_32' title="bbox 0 0 1714 5490; baseline 0 0"><span class='ocrx_word' id='word_1_216' title='bbox 0 0 1714 5490; x_wconf 95' lang='lat' dir='ltr'><strong> </strong></span> 
     </span>
    </p>
   </div>
   <div class='ocr_carea' id='block_1_6' title="bbox 1353 5224 1678 5450">
    <p class='ocr_par' dir='ltr' id='par_1_8' title="bbox 1353 5224 1678 5450">
     <span class='ocr_line' id='line_1_33' title="bbox 1353 5224 1678 5450; baseline -0.003 -182"><span class='ocrx_word' id='word_1_217' title='bbox 1353 5224 1678 5450; x_wconf 39' lang='lat' dir='ltr'>Q</span> 
     </span>
    </p>
   </div>
  </div>
 </body>
</html>
