3420 5490
785 1054 938 1119 cccxxii

739 1354 755 1415 l
772 1354 896 1419 levrier
911 1354 983 1419 llil

292 1634 383 1690 Vonte
424 1649 460 1689 au
485 1632 612 1706 cbepilre
640 1650 691 1707 pur
724 1632 832 1691 Guierd
858 1634 909 1691 dee
935 1635 1183 1695 'brois-Fonteium
1210 1635 1245 1693 de
1273 1636 1292 1693 5
1323 1636 1421 1695 nauide

328 1730 346 1785 2
360 1730 460 1785 cellere
483 1728 518 1785 de
533 1730 614 1800 prelo
628 1746 679 1786 eur
692 1730 719 1786 lu
739 1746 846 1801 pranpe
869 1731 905 1786 de
928 1730 1130 1803 limnilpbaud
1146 1732 1241 1805 'pour
1266 1730 1322 1789 20⁰
1335 1733 1422 1789 lieres

329 1824 467 1880 tournois.

507 1944 595 2016 (Oris.
613 1962 664 2001 sur
678 1947 774 2018 pareb.
794 1947 879 2003 Arcb.
901 1946 941 2003 du
955 1947 1059 2019 Loiret,
1074 1947 1109 2003 G.
1129 1947 1205 2019 350).

338 2190 500 2264 Universis
535 2203 704 2283 presentes
743 2190 868 2263 litteras
901 2190 1096 2285 inspecturis
1147 2190 1291 2265 oltieielie
1328 2196 1421 2267 curie

293 2306 533 2378 Aurelianensis
573 2310 711 2379 sulutem
735 2305 768 2378 in
800 2306 947 2381 llomino.
977 2306 1127 2381 Norerint
1160 2306 1300 2379 universi
1332 2312 1419 2402 quod

326 2615 335 2649 ¹
355 2614 377 2669 ll
390 2615 431 2669 les
442 2616 514 2670 osuit
527 2614 624 2684 ecquis
638 2615 665 2668 lo
675 2615 743 2682 jour
757 2616 848 2669 meme
863 2614 967 2685 deGup
980 2614 1015 2669 de
1030 2615 1234 2683 Girrmerollee,
1244 2630 1280 2671 en
1294 2616 1421 2689 eelranpe

291 2702 468 2758 d’unerente
482 2703 517 2757 do
531 2702 566 2757 to
591 2702 676 2757 tisree
691 2702 718 2755 .5
743 2718 809 2756 sous
833 2701 851 2755 l
874 2702 985 2757 deniers
1011 2702 1026 2755 l
1056 2702 1132 2773 llitrp
1156 2701 1368 2773 (Golgoorille).
1390 2710 1421 2759 et

290 2790 388 2845 bsous
402 2790 420 2844 4
433 2790 548 2845 deniers
562 2788 597 2843 de
610 2793 688 2843 rente
703 2790 720 2843 i
737 2789 894 2843 l'ltbiriers.
910 2790 988 2844 Voici
1005 2790 1085 2843 l’uolc
1104 2787 1272 2859 d’ecbonpe:

326 2896 340 2933 a
362 2877 505 2933 Utrirorsis
520 2883 665 2949 presentes
679 2877 786 2932 litterius
801 2877 971 2949 inspecturis
989 2877 1118 2931 ciliciolis
1132 2880 1211 2933 curie
1227 2875 1416 2933 Aurelianen-

291 2968 330 3023 sis
343 2969 465 3023 sulutem
480 2968 510 3023 in
526 2968 654 3023 bertuino.
672 2969 777 3027 Notum
791 2968 910 3023 lucirnus
924 2967 999 3039 quod
1017 2968 1045 3021 iu
1061 2973 1155 3023 nostru
1170 2968 1311 3040 presentia
1333 2984 1420 3023 cona·

290 3059 387 3114 titutus
402 3058 544 3115 Guiurdus
557 3060 593 3115 dc
607 3059 709 3114 'l'ribus
724 3058 858 3127 lontibus,
871 3058 1049 3124 domicellus,
1064 3056 1162 3113 decom
1179 3058 1267 3114 libres
1290 3056 1421 3131 quinquo

291 3147 674 3220 solidosqusluordenurios
688 3154 716 3203 et
730 3148 846 3203 obolum
870 3164 942 3219 quos
968 3149 1026 3219 ipsc
1058 3148 1202 3204 Guiardue
1228 3150 1258 3203 el
1281 3146 1420 3205 isabellis

289 3254 361 3291 uxor
375 3253 425 3292 suo
439 3237 581 3293 habebant
595 3242 622 3291 et
637 3237 827 3307 percipiebant
840 3237 985 3291 annuatim
1001 3237 1030 3291 in
1051 3235 1208 3292 redditibus
1233 3236 1308 3309 repud
1321 3236 1422 3293 bitria-

291 3344 357 3383 cum
385 3328 414 3382 in
430 3328 512 3381 leudo
532 3325 640 3381 domini
666 3326 880 3381 Aurelianensis
904 3326 1028 3398 episcopi
1057 3326 1085 3381 in
1111 3342 1209 3393 censu,
1235 3324 1421 3398 campiparte,

289 3415 382 3471 oblitis
397 3422 425 3470 ot
437 3416 502 3471 eliis
514 3414 698 3483 rederenciis,
713 3413 814 3469 debitis
827 3432 843 3469 o
857 3414 981 3470 Guierdo
993 3415 1152 3483 Secbenm,
1162 3432 1179 3471 u
1190 3414 1349 3472 Guillermo
1357 3414 1422 3485 ejus

288 3522 402 3576 ponere.
418 3521 434 3560 a
448 3504 523 3559 dicto
537 3504 650 3560 Solitart
664 3510 718 3559 eta
733 3504 792 3559 lltio
804 3503 928 3560 defuncti
942 3502 1060 3559 liuberti
1074 3504 1110 3559 de
1122 3504 1288 3575 belenvilla,
1301 3502 1380 3559 dedit
1392 3511 1422 3561 et

290 3595 426 3650 concessit
441 3595 469 3649 in
492 3594 667 3649 escambium
690 3610 741 3649 seu
756 3594 994 3665 permutationem
1009 3593 1130 3648 (luidoni
1159 3592 1195 3648 de
1220 3592 1419 3663 Clramerolea,

290 3683 449 3754 donriceilo‚
465 3683 499 3738 ab
514 3684 574 3755 ipso
589 3682 718 3738 Guidone
732 3690 760 3737 et
772 3684 913 3751 lullonum,
926 3700 1012 3738 uxore
1026 3700 1087 3753 suu,
1104 3686 1245 3738 eteorum
1266 3682 1421 3740 beredibba

290 3779 316 3828 et
328 3774 539 3829 successoribus
553 3771 695 3828 trebeudos
710 3780 738 3828 et
753 3772 949 3846 percipiendos
963 3774 1046 3828 annis
1064 3771 1186 3843 singulis
1210 3788 1262 3845 pro
1286 3774 1416 3847 quinque

290 3862 392 3919 modiis
407 3871 434 3919 et
459 3863 571 3918 duobus
596 3862 723 3919 scuteriis
739 3868 794 3919 lam
810 3862 883 3917 bludi
899 3879 994 3935 quoru,
1006 3878 1093 3918 averso
1118 3878 1193 3935 quos
1220 3861 1363 3919 lrebcbent
1391 3870 1420 3921 et

289 3953 481 4025 percipiebant
493 3952 560 4008 dicti
577 3951 670 4007 l'luido
685 3960 712 4007 et
727 3953 865 4023 lolianus,
886 3968 957 4008 uxor
971 3968 1033 4019 suu,
1048 3952 1077 4007 in
1091 3952 1207 4023 presepia
1231 3952 1267 4009 de
1290 3954 1421 4011 bienniiio

288 4041 405 4098 (liruudi
422 4042 456 4098 ard
470 4059 632 4097 errensururu
647 4044 855 4113 Sturupeusunr,
871 4050 898 4097 et
920 4042 944 4098 si
968 4042 1043 4114 quod
1072 4042 1111 4097 ibi
1137 4041 1202 4113 plus
1226 4042 1367 4101 bubcburrl
1391 4052 1420 4103 et

288 4131 477 4203 percipiebant
492 4132 559 4186 dicti
574 4132 667 4187 Guido
681 4138 709 4187 et
720 4148 790 4187 uxor
804 4149 865 4203 sun,
881 4134 949 4187 ilem
962 4135 990 4186 et
1004 4148 1056 4203 pro
1070 4132 1199 4203 qulnque
1212 4134 1315 4189 solidis
1342 4150 1414 4207 qua-

279 4224 354 4276 'luor
368 4222 492 4276 denariis
511 4228 538 4275 et
553 4220 636 4275 obolo
651 4221 737 4275 annui
752 4219 878 4275 redditus
893 4220 1033 4276 habendis
1048 4225 1075 4274 ot
1096 4220 1285 4293 percipiendis
1297 4220 1334 4277 ab
1349 4222 1421 4295 ipeie

289 4309 414 4367 Guinrdo
435 4316 465 4367 et
479 4310 603 4365 tsabctlr
628 4326 715 4365 uxore
729 4326 779 4365 sua
804 4317 951 4365 eteorum
979 4308 1132 4365 beredibue
1154 4316 1183 4365 et
1207 4310 1421 4369 auceeaeoribne

288 4402 435 4457 annuatim
450 4400 600 4469 Pitbveris,
622 4400 697 4472 oprud
714 4399 842 4469 llcrdies‚
857 4400 1053 4456 inhereditote
1068 4398 1144 4457 dicte
1158 4400 1298 4472 lobanne,
1321 4402 1421 4459 uxoria

288 4492 354 4546 dicti
370 4491 509 4547 (luidonis
524 4490 559 4545 dc
572 4490 765 4545 Clrunrerclcs.
783 4490 860 4546 bleta
876 4506 942 4545 uero
965 4489 1112 4559 Ysubeliis,
1130 4504 1204 4547 uxor
1216 4490 1285 4547 dteti
1299 4488 1421 4551 uoluti

289 4582 323 4635 dc
337 4582 440 4635 'l'ribus
455 4580 589 4649 lonlibus,
606 4585 634 4633 et
648 4580 721 4633 dieto
737 4579 876 4646 Jclrunuu,
892 4596 964 4633 uxor
987 4579 1052 4633 dieti
1081 4580 1218 4635 liuidonie
1240 4580 1276 4635 de
1301 4580 1421 4639 chume-

291 4673 380 4739 rotes‚
394 4670 545 4725 constitute
559 4685 655 4723 corum
669 4669 776 4723 'l'lroura
789 4668 826 4723 de
840 4670 966 4741 Copullr,
982 4668 1095 4725 noterio
1110 4670 1190 4725 curie
1203 4668 1419 4729 dordonensi·

1321 5150 1613 5442 Α
