3420 5490
786 716 825 727 ..
846 682 865 745 4
886 716 925 727 ..

288 831 306 879 a
339 806 475 898 posteris
494 807 660 891 infirmari,
684 806 779 897 sigilli
799 804 900 878 nostri
923 809 1116 877 auctoritate
1134 806 1318 877 confirmari
1340 811 1416 879 lecr-

290 945 376 993 mus.

335 1041 369 1109 S.
402 1034 558 1107 lobannis
580 1032 737 1126 episcopi.
763 1041 787 1122 l
808 1038 841 1105 S.
864 1033 1016 1126 Stephani
1035 1036 1164 1119 decani,
1190 1037 1224 1105 S.
1253 1033 1417 1108 philiberti

288 1148 512 1239 praecentoris,
528 1152 560 1216 S.
577 1145 800 1218 erchembaldi
821 1145 1010 1231 subdecani,
1028 1150 1061 1215 S.
1085 1145 1308 1217 Bartlrolomrei
1333 1146 1418 1238 eapi-

308 1280 381 1329 ern.

289 1282 446 1442 cActum
486 1369 664 1441 Aurelianis
698 1369 837 1453 ciuitate,
877 1367 910 1438 in
946 1368 1086 1459 capitulo
1124 1372 1251 1439 Sanctae
1287 1367 1410 1448 Crucis,

289 1504 374 1554 anno
408 1480 563 1553 incarnati
590 1481 684 1555 Verbi
734 1483 908 1566 ttcxxvtt,
952 1493 1108 1571 regnante
1146 1477 1305 1551 Ludorico
1341 1502 1417 1572 rege

289 1618 375 1667 anno
395 1598 504 1667 xvttt.

835 1787 874 1847 lli

591 1981 763 2055 ileauuais,
786 1979 826 2040 30
847 1981 1027 2044 novembre
1049 1978 1128 2044 lbbb

279 2173 449 2256 'Foulques,
467 2185 572 2255 eaeque
586 2182 621 2238 de
637 2182 782 2249 Beaumis‚
799 2182 905 2238 obtient
921 2182 957 2238 de
979 2183 1111 2239 Lancelin
1130 2182 1155 2236 le
1168 2182 1254 2253 jeune
1269 2178 1419 2236 l’ubundon

329 2279 364 2335 de
378 2295 425 2334 ses
439 2279 613 2350 pretentions
626 2294 676 2333 sur
694 2278 736 2333 les
751 2278 880 2332 homines
894 2277 930 2332 ‹le
954 2275 1163 2346 Salute-Croix,
1181 2292 1254 2349 pour
1268 2275 1418 2348 lesquelles

327 2390 380 2432 son
396 2376 462 2448 pere
480 2374 612 2430 bencelin
627 2374 699 2429 nvait
712 2374 776 2442 deit
790 2374 838 2429 luit
854 2372 973 2428 amende
984 2373 1148 2429 bonornble.

666 2517 764 2589 (Copie
779 2516 815 2573 de
830 2517 941 2588 beluae,
957 2534 982 2588 p.
999 2519 1038 2582 l.)

339 2735 372 2802 ln
405 2732 535 2803 nomine
562 2732 662 2803 l‘atris
690 2747 722 2804 et
748 2731 812 2803 b'ilii
840 2745 872 2803 ct
899 2729 1037 2822 Spiritus
1060 2728 1175 2801 sancti.
1208 2732 1272 2820 Ego
1306 2731 1415 2813 turco,

296 2856 417 2913 sanetae
439 2841 641 2913 llelracensis
662 2842 809 2914 ecelesiae
828 2841 1013 2934 episcopus,
1035 2856 1145 2912 notum
1166 2839 1247 2912 lacio
1266 2839 1417 2910 omnibns

295 2971 357 3027 tarn
380 2954 495 3027 luturis
513 2979 607 3048 quiam
636 2961 861 3048 praesentibus,
879 2959 966 3048 (pund
987 2953 1194 3027 lunscelinns
1215 2954 1418 3027 Beltuccnsia

294 3070 412 3161 injuste
431 3069 546 3140 inuasit
564 3072 743 3142 custodiam
765 3074 805 3142 de
824 3070 1008 3141 bominibus
1034 3074 1158 3141 Sanctae
1178 3069 1289 3141 Creteis
1320 3076 1417 3140 lure·

295 3183 448 3254 tianensis
467 3182 520 3274 qui
542 3197 707 3254 moiuntur
726 3183 757 3254 in
772 3183 958 3276 episcopatu
976 3181 1171 3254 belvacensi.
1186 3186 1261 3253 Post
1282 3185 1418 3252 multum

295 3296 460 3387 temporis,
507 3296 692 3387 paenitentia
726 3299 853 3382 ductus,
891 3295 975 3366 uenit
1008 3296 1185 3367 Aurelianis
1215 3310 1290 3366 ante
1321 3299 1419 3365 altare

295 3415 420 3478 Sanctae
440 3407 565 3494 Crucis,
588 3423 621 3479 et
641 3407 671 3478 in
695 3409 864 3500 praesentia
879 3406 1108 3479 canonicorum
1128 3406 1307 3479 custodiam
1324 3430 1419 3498 quanr

295 3534 502 3611 usurpaverat
534 3519 654 3591 dimisit
687 3545 743 3612 per
772 3521 893 3611 lignum
922 3523 1058 3591 buxeum
1078 3522 1163 3610 quod
1194 3542 1292 3609 super
1321 3523 1420 3590 altare

295 3632 413 3724 posuit,
445 3656 502 3725 pro
523 3632 586 3704 isto
607 3636 774 3704 malesano
808 3632 933 3703 vertiam
964 3631 1149 3723 postulauit,
1181 3630 1419 3703 absolutionem

294 3744 483 3835 promeruit,
501 3760 530 3817 et
554 3770 611 3838 pro
632 3745 788 3816 malelncti
808 3744 1034 3817 emendatione
1059 3749 1135 3815 XXX
1156 3744 1278 3816 solidos
1302 3748 1368 3817 Deo
1386 3756 1419 3815 et

293 3860 418 3929 Sanctae
439 3857 531 3930 Cruci
551 3882 587 3931 se
612 3862 760 3930 daturum
787 3857 974 3951 spopondit,
1000 3872 1033 3929 et
1063 3860 1227 3928 lladullum
1251 3860 1420 3927 beluacen-

292 3996 374 4056 sem,
396 3975 560 4065 quondam
596 3975 681 4065 regis
708 3972 898 4067 dapilerum,
927 3988 1086 4066 praesente
1116 3970 1265 4060 Guarino,
1294 3968 1418 4043 belvaci

294 4089 480 4179 preposito,
497 4091 717 4179 fidejussorem
733 4089 833 4175 dedit,
853 4104 887 4161 ct
908 4102 1018 4181 postea
1036 4087 1120 4159 idem
1137 4089 1346 4159 lauscelinus
1359 4108 1419 4158 eos

295 4202 459 4292 persolvit.
494 4207 652 4272 lteluncto
681 4226 758 4292 ergo
784 4202 987 4285 lanscelino,
1008 4200 1217 4272 barrscelirms
1247 4199 1329 4270 lilius
1348 4203 1419 4290 ejus

290 4317 458 4404 pru-latum
484 4315 663 4384 crastotlirnn
699 4317 880 4385 reclamavit
905 4330 937 4385 ct
962 4336 1115 4404 usurpare
1144 4315 1322 4403 temptavit.
1355 4316 1420 4382 lloc

290 4426 389 4516 igitur
409 4426 530 4496 audito.
554 4430 729 4513 lebannes,
763 4425 1005 4497 Aurelianensis
1031 4425 1217 4517 episcopus,
1245 4427 1361 4495 desua
1386 4436 1418 4493 et

287 4542 521 4609 canonicorum
539 4555 627 4631 parte
647 4539 756 4610 literas·
772 4541 867 4611 uobis
886 4541 1011 4623 «licerit,
1039 4539 1187 4610 scribens
1217 4536 1310 4609 nubis
1337 4560 1417 4630 pne·

292 4656 388 4725 latam
408 4651 550 4724 defuncti
575 4651 769 4737 bunscclini,
802 4654 884 4725 sicut
907 4654 1096 4746 praedictum
1116 4666 1179 4736 est,
1199 4674 1297 4742 super
1316 4649 1416 4721 ltomi·
