3420 5490
795 1029 913 1090 CCXlll

772 1325 834 1387 Mai
857 1323 936 1387 122ss

292 1577 427 1650 L'drdque
446 1577 575 1652 Philippu
588 1578 699 1650 assigno
712 1578 749 1634 dd
762 1595 831 1635 sous
845 1579 947 1653 parisis
960 1596 1010 1636 sur
1024 1596 1080 1636 une
1095 1586 1174 1637 rente
1186 1581 1415 1639 d'sllranelrisse·

327 1678 412 1743 ruent,
427 1674 444 1729 d
457 1673 610 1730 distribuer
622 1690 673 1747 pur
687 1675 782 1731 moitid
794 1691 849 1732 aux
864 1674 1017 1731 chunolnes
1031 1681 1059 1732 el
1072 1692 1127 1732 aux
1148 1684 1293 1734 nourrlsre
1311 1678 1337 1734 le
1348 1679 1418 1749 juur

327 1767 362 1822 de
374 1770 401 1823 lu
415 1769 470 1824 tete
484 1769 519 1824 du
534 1768 799 1827 sunl-Gulllaume.

528 1913 617 1983 (Orig.
631 1931 657 1970 s.
673 1913 759 1985 perch
780 1914 865 1970 Areh.
881 1915 920 1969 du
935 1914 1039 1984 Leuat,
1054 1917 1089 1971 G.
1104 1915 1178 1983 tau.)

338 2129 517 2221 Philippus,
557 2126 613 2199 nei
649 2128 746 2218 gratia
785 2127 1025 2199 Aurelianensis
1044 2130 1230 2222 episeopus,
1259 2130 1418 2202 uniuersis

293 2258 461 2335 presentes
486 2241 608 2312 litteras
636 2240 829 2333 inspeetnris
859 2244 995 2313 salutent
1023 2240 1053 2311 in
1085 2242 1234 2313 Domino.
1267 2245 1418 2316 Noverint

291 2354 431 2427 uniuersi
452 2358 536 2446 quud
557 2378 617 2425 nos
634 2355 760 2426 dilectis
775 2354 850 2425 filiis
867 2358 989 2427 decano
1008 2370 1040 2425 et
1055 2356 1195 2447 capitulo
1213 2356 1417 2429 ¹lureliauen·

291 2468 393 2551 sibus,
416 2472 456 2539 de
485 2472 645 2539 voluntate
676 2483 708 2539 et
733 2491 870 2539 assensu
888 2470 1089 2551 eorumdem,
1110 2471 1260 2541 dedimus
1283 2484 1316 2542 et
1335 2472 1416 2543 assi·

290 2583 460 2672 gunvinus
487 2581 649 2670 sexaginta
673 2582 796 2650 solidos
819 2581 918 2649 annui
950 2579 1106 2663 redditus,
1126 2581 1352 2673 percipiendos
1381 2580 1414 2652 in

292 2694 417 2765 redditu
455 2693 509 2784 qui
548 2707 672 2763 emetur
704 2715 760 2782 pro
795 2691 1048 2763 manumissione
1085 2692 1179 2763 ttttnri
1212 2693 1266 2763 lilii
1290 2692 1415 2765 diluuia

293 2805 395 2878 Pontii
419 2810 458 2877 de
475 2808 640 2896 largolin;
661 2828 723 2897 que
748 2804 882 2896 pecunia
913 2804 1122 2876 distribuetur
1153 2820 1215 2876 tam
1248 2806 1415 2877 eunnnieis

291 2942 387 3011 quam
403 2919 550 2990 nutrieiis
566 2919 803 2991 Aurelianensis
815 2918 952 2990 ecclesie
962 2918 1016 3010 qni
1028 2919 1137 2989 divino
1153 2918 1331 2991 intererunt
1343 2942 1416 2993 ser·

291 3032 366 3105 vitiu
384 3033 416 3105 in
436 3037 519 3105 leste
540 3032 716 3105 beatissimi
738 3033 914 3105 duillenui.
932 3039 978 3105 lle
992 3033 1133 3126 predicta
1154 3049 1262 3106 autem
1278 3034 1415 3129 pecunia

290 3147 494 3221 medietatem
515 3147 691 3240 percipient
710 3148 857 3220 canonici
877 3163 910 3220 et
928 3149 1022 3219 aliam
1049 3148 1253 3221 medietatem
1285 3148 1416 3222 nutricii

289 3263 493 3336 obtinebunt.
518 3261 685 3333 Dividetur
703 3276 811 3333 autem
827 3261 992 3333 canonicis
1012 3285 1070 3333 sua
1090 3261 1194 3352 pertin
1212 3265 1252 3333 ad
1279 3261 1416 3355 primas,

289 3400 440 3471 vesperas
458 3391 491 3447 et
505 3379 666 3447 secundas
686 3391 719 3447 et
744 3378 782 3447 ad
803 3376 948 3447 missam.
981 3374 1132 3448 Nutrieiis
1151 3391 1259 3449 autem
1280 3380 1335 3449 liet
1350 3379 1418 3449 dis·

289 3491 422 3563 tributio
441 3495 480 3562 ad
499 3494 631 3583 primas,
654 3513 817 3582 vesperas,
837 3494 877 3561 ad
893 3490 1065 3562 matutinas
1085 3505 1118 3563 et
1131 3495 1171 3562 ad
1187 3494 1335 3566 missam.
1351 3497 1416 3566 Nus

288 3620 395 3677 autem
416 3606 448 3676 in
472 3608 569 3697 liujus
593 3606 639 3676 rei
664 3608 759 3676 tidem
777 3621 809 3677 et
829 3604 1048 3677 testimonium
1065 3619 1250 3697 presentem
1263 3608 1415 3700 pagiuam

290 3719 403 3792 litteris
422 3734 606 3792 annotatam
633 3719 729 3811 sigilli
754 3720 855 3791 nostri
878 3719 1014 3791 lecimus
1047 3717 1225 3791 munimine
1251 3724 1412 3795 relterari.

290 3838 402 3903 letum
422 3856 506 3904 anun
524 3831 651 3904 Domini
673 3836 750 3903 MCC
769 3832 923 3905 vicesimo
943 3847 1044 3921 serto,
1068 3855 1182 3906 meuse
1196 3833 1293 3907 main.
