3420 5490
763 697 880 760 -369
903 731 940 743 -

289 825 441 894 omnibus
461 823 593 893 indicta
611 821 905 912 ecclesiatempore
926 835 1035 892 nostro
1055 824 1176 891 cultum
1194 821 1291 892 divini
1312 825 1415 894 nomi·

292 935 343 1005 nis
362 934 519 1026 ampliari,
548 937 717 1024 quamdam
749 936 789 1004 de
816 932 989 1023 prebendis
1014 931 1153 1004 ecclesie
1173 934 1414 1006 Aurelianensis

293 1047 324 1115 in
345 1059 553 1136 augmentum
574 1045 808 1118 distributionis
833 1047 939 1135 panis,
959 1048 1117 1115 dictorum
1143 1045 1257 1116 decani
1277 1061 1309 1116 et
1327 1047 1414 1137 capi-

293 1159 351 1228 tuli
375 1161 413 1229 ad
444 1159 476 1228 id
502 1162 677 1229 accedente
697 1182 874 1238 consensu,
905 1157 1077 1228 liberaliter
1105 1173 1136 1228 et
1165 1157 1413 1250 inperpetuum

293 1274 498 1362 deputamus,
522 1295 617 1362 quam
637 1270 701 1342 cito
720 1274 831 1342 olleret
849 1293 885 1342 se
904 1273 1049 1342 facultas.
1072 1273 1165 1356 Quod
1182 1286 1217 1341 ut
1237 1274 1362 1343 llrmum
1383 1284 1417 1343 et

294 1382 408 1453 stabile
427 1382 639 1474 inposterum
661 1397 860 1473 permaneat,
881 1396 1048 1473 presentes
1063 1381 1184 1454 litteras
1200 1382 1295 1474 sigilli
1314 1382 1415 1454 nostri

295 1495 473 1568 munimine
492 1497 627 1568 lecimus
649 1496 803 1570 roborari.
834 1502 946 1569 llctum
972 1520 1057 1568 anno
1094 1496 1224 1569 llomini
1244 1501 1322 1570 ttcc
1336 1521 1418 1589 qua·

296 1613 476 1703 dragesimo
493 1612 618 1703 quinto,
636 1635 748 1684 mense
764 1614 868 1703 junio.

786 1977 938 2038 CCLXXV

449 2269 550 2346 hyon,
567 2266 604 2327 Yl
616 2265 728 2345 juillet
741 2268 775 2344 (tt
790 2265 848 2327 des
864 2267 1017 2327 calendcs
1032 2265 1159 2347 d’uot‘rl)
1171 2264 1274 2347 [raeti]

406 2492 605 2546 confirmation
626 2507 676 2561 par·
691 2491 717 2546 lo
730 2509 801 2564 pape
815 2493 949 2549 Innocent
965 2493 1001 2548 tv
1014 2493 1049 2549 de
1061 2493 1142 2550 l'scle
1157 2495 1317 2567 precedent.

516 2638 605 2708 (Orig.
628 2655 652 2692 s.
676 2639 773 2709 parcb.
794 2639 878 2694 drcb.
905 2640 943 2696 du
968 2641 1072 2711 Loiret,
1094 2643 1127 2697 G.
1150 2641 1213 2710 tos)

349 2856 554 2929 innocentius
574 2857 760 2947 episcopus,
782 2878 893 2927 servus
919 2879 1084 2928 serrorum
1111 2859 1183 2943 Dei,
1210 2859 1337 2933 dilectis
1354 2863 1430 2933 otiis

303 2976 428 3043 decano
447 2985 479 3042 et
505 2968 645 3060 capitulo
670 2969 952 3041 Aurelianensibus
990 2973 1182 3044 salutemet
1215 2975 1424 3066 apostolicam

305 3086 577 3158 benedictionem.
597 3089 702 3154 Cuma
717 3085 810 3155 nobis
823 3085 941 3175 petitur
960 3088 1045 3174 quod
1057 3088 1180 3176 justum
1194 3101 1245 3159 est
1263 3102 1296 3159 et
1313 3093 1431 3162 boues·

306 3214 386 3284 tum,
409 3214 471 3269 tam
498 3198 586 3288 vigor
612 3197 761 3288 equitatis
781 3221 877 3289 quam
907 3200 986 3269 ordo
1005 3198 1103 3288 exigit
1121 3199 1256 3271 rationis
1276 3216 1310 3271 ut
1324 3203 1355 3272 id
1371 3227 1428 3294 per

306 3311 554 3382 sollicitudinem
582 3311 677 3380 officii
708 3310 806 3380 nostri
827 3311 867 3378 ad
893 3308 1035 3380 debitum
1054 3313 1247 3401 perducatur
1264 3315 1429 3386 ellectum.

307 3425 517 3516 Signillcastrs
542 3424 700 3514 siquidem
724 3427 816 3493 nobis
833 3426 920 3514 quod
940 3447 1014 3494 cum
1029 3424 1166 3496 eeclesia
1182 3441 1299 3512 vestra,
1316 3427 1349 3498 in
1368 3453 1431 3520 qua

307 3552 358 3609 est
372 3553 481 3608 certus
499 3535 729 3607 canonicorum
750 3559 903 3607 uumerus
919 3538 1097 3624 institutus,
1115 3541 1301 3630 juramento
1319 3544 1432 3614 firma·

308 3666 360 3721 tus
379 3665 412 3721 et
426 3675 481 3741 per
501 3653 611 3721 sedem
632 3649 839 3740 apostolicam
859 3653 1080 3733 conllrmatus,
1103 3665 1232 3743 prepter
1253 3659 1430 3728 canonico·

309 3789 378 3834 rum
399 3763 576 3835 absentiam
593 3767 754 3833 delectum
777 3764 809 3830 in
828 3762 942 3834 divinis
963 3764 1150 3835 multotiens
1171 3779 1344 3857 pateretur,
1361 3793 1431 3855 ros,

309 3893 344 3947 ut
358 3881 398 3948 ad
418 3877 624 3948 residendum
645 3889 677 3945 ct
703 3875 909 3945 serviendum
929 3875 1083 3947 libentius
1096 3876 1127 3946 in
1146 3882 1258 3951 eadem
1277 3882 1434 3954 inducan-

310 4006 361 4062 tur
379 3994 544 4069 absentes‚
571 3989 801 4059 deliberatione
829 3988 957 4079 provida
983 4013 1048 4059 una
1080 4013 1153 4060 cum
1174 3994 1258 4065 bone
1279 3995 1433 4068 memorie

312 4104 477 4195 l‘bylippo,
495 4103 714 4172 auretianensi
731 4100 897 4191 episcopo,
919 4101 1077 4172 statuistis
1087 4107 1172 4193 quod
1193 4105 1433 4197 singuliscauo·

312 4216 393 4287 uicis
408 4215 460 4307 qui
482 4214 597 4284 divinis
628 4213 785 4283 intersum
817 4215 933 4285 olficiis
951 4214 1087 4305 singulis
1107 4215 1222 4288 diebus
1241 4221 1282 4291 de
1300 4223 1433 4311 quibus·

312 4335 383 4401 dam
404 4328 581 4400 redditibus
612 4352 694 4418 qrros
725 4327 808 4398 idem
833 4328 1006 4419 episcopus
1035 4343 1067 4399 et
1097 4329 1226 4422 quidam
1246 4331 1298 4403 alii
1316 4334 1433 4408 Cbristi

313 4446 424 4513 lidelcs
444 4445 549 4513 eidem
570 4442 707 4512 ecclesie
737 4440 826 4511 adid
853 4443 1029 4515 contulisse
1058 4447 1212 4516 dicuntur
1235 4462 1322 4520 certa
1342 4448 1434 4540 panis

314 4556 495 4627 distributio
517 4557 711 4648 assignetur.
742 4560 777 4625 Et
799 4554 871 4646 qnia
887 4556 983 4628 iidem
1009 4558 1152 4630 redditus
1184 4584 1248 4631 non
1269 4565 1434 4634 suldciuut

315 4694 370 4764 per
385 4671 483 4744 totius
503 4672 576 4742 anni
593 4673 747 4744 circulum
766 4672 805 4742 ad
826 4671 1085 4745 distributionem
1109 4677 1293 4767 hujusmodi
1313 4679 1437 4750 lacien-

1314 4817 1353 4873 Ἃ
