3420 5490
784 702 905 766 -525
940 742 961 754 -

306 841 423 899 serram
452 829 620 918 enjusdam
646 827 730 899 servi
756 827 907 910 ecclesie,
938 827 1059 900 brnoni
1084 828 1224 912 sedicet,
1240 851 1305 919 que
1325 842 1376 902 eat
1405 829 1440 899 in

307 964 389 1034 pago
414 939 591 1012 Pitrerensi
614 955 679 1012 {am
704 940 734 1010 in
753 955 860 1012 castro
875 964 973 1030 priam
999 944 1085 1032 jorra
1110 956 1265 1025 casluim,
1287 963 1356 1012 mea
1375 963 1444 1034 per.

306 1054 460 1125 missione
480 1068 511 1126 ed
533 1054 678 1125 considio
707 1053 809 1145 predio
829 1069 958 1125 censum
975 1056 1126 1126 iibrarom
1154 1054 1214 1125 sibi
1238 1077 1442 1146 comparare·

304 1181 389 1237 rom.
409 1172 498 1236 Valet
517 1180 623 1236 aulem
643 1181 724 1237 {erra
748 1166 800 1236 idn
822 1181 885 1236 {am
913 1166 944 1236 io
971 1191 1071 1237 censo
1092 1182 1124 1238 el
1138 1166 1262 1239 decima
1283 1191 1378 1257 qnam
1401 1167 1433 1237 in

303 1280 526 1371 bospiribnset
546 1279 607 1350 dio
624 1294 706 1351 {erre
717 1279 800 1349 crido
815 1282 929 1350 decem
946 1279 1044 1350 libras
1056 1294 1087 1352 e!
1099 1304 1139 1351 eo
1150 1280 1289 1373 amplios
1305 1281 1438 1373 persin-

303 1397 397 1482 goios
408 1417 522 1464 sonos.
545 1397 609 1481 Ego
629 1417 704 1464 vero
715 1407 831 1463 terram
847 1394 1097 1486 idomepiscopn
1109 1396 1199 1466 radde
1211 1397 1322 1466 orders
1337 1407 1370 1468 el
1384 1417 1439 1466 ne·

305 1512 478 1580 cessariam
495 1517 700 1600 postmodum
719 1508 943 1592 considerans,
955 1510 1240 1581 canonicisaotem
1261 1509 1369 1581 minias
1385 1509 1444 1580 ndi.

306 1625 367 1693 dem
378 1635 626 1714 proptereornm
637 1623 862 1705 remotionem,
874 1621 1145 1715 posrodaviabeis.
1159 1621 1443 1714 utpodeabamicis

306 1737 602 1828 meis,qoa1innsea
612 1736 708 1807 mirbi
720 1752 752 1808 et
763 1740 1010 1809 successoribus
1025 1737 1106 1809 meis
1117 1737 1147 1808 in
1159 1751 1349 1829 perpetuom
1359 1761 1437 1810 eon·

308 1850 1446 1944 cederemordonareotddisiqnidemperidionemmeambcnignesns·

307 1965 477 2057 cipienres,
493 1968 647 2054 noqnedo
660 1988 729 2035 inea
741 1989 815 2054 erga
828 1988 885 2036 eos
901 1966 1115 2036 benivolentia
1136 1965 1203 2036 sire
1218 1963 1441 2037 monidcemia

309 2079 506 2161 diffidentes,
524 2078 675 2147 vobnd'ali
690 2101 760 2148 meo
774 2078 911 2149 libenter
921 2080 1030 2149 animo
1045 2077 1291 2168 adquieverunt.
1307 2083 1441 2150 Tantam

308 2214 385 2275 ergo
404 2204 436 2257 ct
456 2204 520 2259 tam
542 2189 714 2277 benignam
735 2212 846 2258 eornm
864 2189 1042 2278 largitatem
1060 2212 1123 2259 noo
1144 2188 1308 2278 indignam
1330 2211 1438 2260 remn-

310 2302 474 2373 nerarinnc
492 2302 687 2392 dijudicans,
715 2302 957 2392 recompensari
975 2302 1024 2373 eis
1049 2304 1161 2373 siccem
1183 2303 1280 2373 libras
1301 2303 1442 2374 doredia·

311 2416 423 2486 nornis
443 2431 571 2487 roronem
589 2419 621 2486 in
635 2415 724 2486 :dnm
739 2430 770 2487 el
785 2417 884 2486 radico
900 2416 1037 2507 singidis
1057 2421 1153 2488 annis
1168 2416 1388 2509 accipiendas,
1400 2439 1441 2489 co

309 2531 456 2602 vidndiccl
471 2533 566 2602 modo
581 2533 666 2622 qnod
685 2554 700 2600 n
723 2531 827 2622 rigida
841 2531 1002 2603 dominico
1022 2556 1084 2623 qna
1111 2545 1260 2603 cantator
1285 2534 1345 2604 ddi
1362 2542 1442 2606 anor

306 2650 374 2717 dics
403 2649 570 2719 crrsdodern
598 2671 692 2717 sirum
714 2645 791 2716 inibi
819 2646 1026 2740 poncn1‚qoi
1058 2671 1172 2719 omnes
1192 2646 1373 2722 oblationes
1397 2650 1436 2720 ad

308 2763 498 2854 episcopum
513 2762 711 2854 pertinentes
720 2761 790 2833 sine
803 2786 942 2854 expensa
959 2760 1104 2854 recipior.
1117 2765 1221 2835 donec
1235 2761 1266 2833 in
1276 2765 1438 2857 integrum

308 2881 420 2947 decom
440 2876 537 2947 libras
564 2880 734 2967 receperis.
754 2880 870 2946 Cnsros
891 2901 964 2948 sero
979 2875 1124 2967 episcopi
1143 2879 1183 2948 de
1202 2879 1354 2969 expensis
1369 2901 1442 2970 pro·

308 2990 439 3071 ridebis,
471 3006 502 3059 er
537 3005 673 3077 rirerooe
702 2991 763 3059 sibi
785 2990 921 3061 invicem
942 2990 1129 3061 bdeiirarem
1155 2989 1439 3064 faciendumne

310 3104 492 3175 faciendum
517 3103 654 3194 singolis
673 3103 767 3175 annis
784 3103 938 3196 precipio,
964 3119 996 3175 er
1019 3127 1059 3176 ne
1075 3103 1191 3197 adiqois
1210 3127 1438 3177 successorum

308 3242 453 3289 mcomm
482 3216 702 3289 condradicore
717 3231 771 3287 ant
790 3216 971 3290 disturbare
997 3220 1107 3310 abono
1126 3220 1223 3289 modo
1239 3220 1355 3292 andes!
1374 3221 1437 3292 snb

308 3335 511 3402 anathemare
527 3329 694 3420 prohibeo.
708 3330 740 3401 Si
758 3330 1065 3423 perennemque!
1087 3330 1183 3414 absit,
1200 3332 1263 3403 boc
1280 3344 1438 3405 arremaro

309 3443 552 3537 presumpserit,
570 3444 601 3513 in
617 3443 748 3514 arbitrio
768 3446 999 3516 canonicorom
1020 3443 1079 3514 erit
1097 3467 1227 3517 cessare
1248 3459 1282 3517 et
1303 3459 1367 3516 ram
1384 3447 1441 3518 din

308 3558 480 3631 ecclesiam
501 3557 693 3629 interdicere
720 3561 825 3629 (donec
851 3575 882 3629 er
902 3560 1077 3651 ‹iampnom
1098 3558 1282 3632 restitutum
1298 3574 1332 3632 et
1361 3583 1441 3632 eon·

311 3673 404 3764 digna
424 3678 475 3746 eis
500 3672 637 3745 exbibda
666 3673 760 3744 [nord
790 3672 977 3744 sarissacrio.
997 3677 1061 3745 dioc
1085 3675 1181 3746 eriam
1203 3677 1441 3748 adnectendum

308 3811 383 3859 csse
399 3788 537 3878 judicavi
569 3791 654 3880 qnod
686 3789 820 3879 predicti
836 3791 932 3860 amici
962 3789 1024 3860 mei
1044 3801 1077 3861 et
1097 3789 1151 3859 diii
1173 3791 1272 3860 moira
1300 3791 1367 3882 jam
1392 3789 1442 3863 eis

309 3917 341 3974 et
358 3902 497 3973 ecclesie
517 3926 575 3974 soe
604 3927 621 3973 a
651 3927 703 3974 me
723 3907 882 3975 benedicis
898 3906 1013 3975 codara
1032 3906 1251 3989 accendones,
1272 3905 1314 3975 de
1332 3907 1443 3976 conie-

309 4014 418 4085 rendis
450 4029 557 4086 norem
589 4018 706 4086 bonam
733 4039 807 4085 com
828 4014 944 4086 ddncia
966 4038 1056 4108 spem
1088 4018 1257 4104 habendes,
1278 4039 1318 4086 ex
1343 4016 1441 4088 dibera

311 4131 472 4199 volontate
504 4151 561 4198 sna
594 4129 848 4199 anniversarium
888 4152 1010 4209 menm,
1032 4127 1241 4219 parriseriam
1273 4141 1306 4200 et
1329 4127 1441 4201 marris

313 4263 385 4311 mee
409 4264 536 4310 necnon
558 4255 590 4310 et
623 4242 725 4330 panni
745 4241 820 4323 mei,
844 4239 953 4311 domni
974 4240 1123 4312 videlicet
1144 4239 1311 4332 Stephani,
1327 4240 1440 4313 decani

310 4377 435 4438 eornm,
453 4377 488 4423 se
502 4356 532 4423 in
550 4368 740 4444 perpornnm
753 4359 893 4425 iactoros
907 4369 1153 4425 concesserunt.
1171 4357 1317 4426 Prederea
1333 4353 1441 4447 gracia

310 4482 468 4539 elamore
489 4467 610 4539 domini
632 4471 695 4539 rnoi
731 4473 817 4558 regis
838 4470 1002 4551 bodonici,
1026 4469 1176 4541 bodonici
1207 4469 1277 4552 biii,
1308 4484 1440 4542 centnm

312 4583 433 4654 solidos
464 4585 609 4672 ejusdem
642 4599 771 4655 nrorrore
800 4584 831 4654 in
863 4583 954 4655 abari
984 4598 1017 4655 et
1046 4584 1146 4656 calice
1177 4584 1314 4677 singuiis
1344 4588 1442 4657 annis

310 4698 514 4792 recipiendos
534 4697 685 4791 predictis
704 4698 873 4771 canonicis
892 4698 1019 4785 donari,
1042 4699 1083 4771 idn
1104 4712 1139 4771 ol
1159 4701 1191 4770 in
1222 4699 1275 4773 die
1294 4701 1442 4773 anniver-
