3420 5490
772 1111 942 1175 ccnxxxt

698 1387 896 1470 Septembre
917 1384 996 1450 tali

289 1619 462 1691 Guitlanrne,
476 1617 584 1690 drdqno
599 1616 756 1686 d'Orldans,
772 1615 890 1673 necorde
903 1614 920 1672 l
933 1615 1042 1672 chacun
1055 1614 1106 1672 des
1124 1614 1314 1673 arohidlaores
1333 1616 1362 1675 la
1373 1614 1414 1674 la·

324 1713 398 1768 cultl
412 1713 446 1768 de
460 1712 565 1768 choisir
576 1710 647 1766 dans
660 1728 713 1767 son
732 1709 927 1767 archidiacono
948 1726 1005 1766 nne
1030 1709 1081 1766 dea
1103 1709 1207 1781 helisea
1234 1710 1418 1783 peroissialss

324 1808 393 1862 dont
412 1808 430 1861 il
448 1823 464 1862 a
479 1807 505 1862 le
521 1813 691 1879 patronags:
707 1805 762 1862 elle
785 1805 825 1861 lul
845 1805 1056 1878 appartiendra‚
1085 1810 1114 1861 sl
1131 1805 1151 1861 il
1170 1822 1186 1877 y
1203 1816 1352 1863 nomtnsra
1376 1821 1417 1863 nn

325 1902 499 1957 desservant.

290 2046 395 2118 (Cupie.
412 2045 473 2102 Bib.
489 2046 553 2104 Nat.
570 2047 684 2103 lloreau
694 2046 764 2102 tut:
779 2044 873 2102 nno«
892 2044 958 2102 Tird
972 2044 1011 2101 du
1030 2044 1131 2102 malui.
1147 2044 1183 2100 ds
1208 2043 1409 2116 smmis-tiron

753 2138 801 2199 iol.
817 2140 854 2197 ss)
868 2150 897 2196 r·
911 2141 949 2212 a).

334 2359 536 2443 thrillclnrus‚
576 2354 682 2430 diuina
714 2354 921 2429 miseratione
960 2354 1202 2429 Aurelianensis
1227 2354 1415 2451 episcopus,

291 2473 449 2548 universis
469 2486 638 2567 presentes
662 2471 785 2546 litteras
817 2471 1013 2566 inspecturis
1043 2474 1181 2544 salutem
1207 2468 1241 2545 iu
1264 2470 1417 2546 [lomiuo.

289 2589 439 2661 Nouerint
456 2587 595 2660 universi
614 2590 701 2679 quod
716 2611 789 2671 nos,
809 2587 1014 2659 attendentes
1028 2583 1218 2658 tenuitatem
1246 2599 1278 2659 et
1297 2584 1420 2658 iusulh·

289 2702 440 2773 cientinnr
472 2704 656 2773 reddituum
672 2703 711 2770 at
732 2699 1012 2771 archidiaconatus
1028 2698 1265 2771 hnrclianensis
1279 2698 1418 2772 ecclesio

289 2813 531 2905 pertinentium,
553 2827 584 2884 et
601 2829 634 2883 ut
657 2810 780 2883 lucilius
800 2825 833 2883 et
852 2812 1013 2881 libencius
1036 2808 1254 2883 archidiaconi
1288 2810 1417 2903 possint

289 2938 321 2995 et
343 2925 441 2996 uelint
461 2923 657 2996 visitationis
676 2923 818 2995 cilicium
838 2945 1000 3006 exercere,
1026 2945 1100 2993 cunr
1131 2945 1188 3016 per
1217 2920 1415 3015 presentiam

288 3051 321 3109 et
340 3036 612 3130 propinquitatem
634 3060 725 3108 suarn
740 3035 854 3109 melius
871 3034 997 3128 possint
1011 3034 1095 3107 sciro
1113 3058 1151 3108 ca
1169 3059 1233 3128 qne
1251 3033 1286 3108 iu
1305 3032 1417 3109 archi·

290 3151 512 3223 diaconalibus
537 3149 605 3222 suis
632 3152 751 3222 luerint
779 3149 981 3242 corrigenda,
1006 3171 1067 3220 nos
1081 3149 1292 3222 concedimus
1310 3148 1417 3223 archi·

290 3262 449 3349 diaconis,
479 3264 611 3337 cuilibet
641 3265 673 3334 in
704 3261 964 3336 archidiaconatu
989 3285 1062 3346 suo,
1084 3286 1179 3335 unaro
1212 3262 1413 3357 parochiam,

289 3376 462 3451 ecclesiam
478 3401 572 3471 quarn
590 3380 708 3471 eligere
722 3376 882 3462 maluerit,
894 3378 935 3450 ad
951 3379 1005 3470 jus
1025 3383 1212 3469 patronatus
1224 3379 1415 3451 eorumdem

291 3491 519 3584 pertinentem,
537 3504 568 3565 et
588 3516 643 3565 eas
657 3515 739 3585 quas
757 3491 906 3586 eligerint
923 3488 1263 3565 archidiaconitatihus
1283 3488 1414 3564 unimus

290 3621 323 3679 ct
342 3610 492 3680 uolumus
511 3631 565 3681 eas
584 3606 922 3680 archidiaconitatihus
937 3606 968 3678 in
985 3607 1353 3700 perpetuumadlrerere,
1370 3605 1415 3679 ita

292 3737 396 3794 tamon
415 3727 501 3815 quod
519 3723 738 3795 archidiaconi
768 3724 800 3794 in
828 3722 979 3796 ecclesiis
997 3724 1047 3793 sic
1064 3720 1206 3793 obtentis
1223 3742 1281 3815 per
1299 3742 1417 3812 perso-

293 3835 491 3908 nasidoneas
505 3838 623 3908 lacient
638 3835 811 3909 deservire.
833 3841 949 3908 ilatum
969 3858 1056 3908 anno
1077 3831 1205 3907 [lomini
1223 3832 1415 3923 nccxtwt,

293 3950 604 4045 menscscptenrbri.

328 4403 337 4438 ¹
358 4394 431 4450 Note
445 4393 555 4450 dedom
571 4395 685 4452 (ierom
706 4413 721 4449 a
736 4395 809 4452 G'est
827 4397 854 4452 le
869 4397 932 4452 titre
947 4396 1113 4470 primordial
1126 4396 1175 4470 qui
1192 4396 1288 4454 donne
1300 4397 1328 4453 le
1342 4396 1419 4454 droll

293 4501 344 4540 aur
359 4485 550 4542 archidiacrcs
564 4485 600 4542 de
623 4486 729 4557 l'eplise
751 4484 900 4544 d'Orleans
923 4486 959 4544 de
979 4503 1110 4543 nommer
1134 4503 1188 4542 aux
1209 4504 1293 4543 curos
1311 4486 1419 4545 struis·

293 4577 363 4630 dnus
378 4575 403 4630 le
416 4573 523 4631 district
545 4576 581 4632 de
594 4575 656 4631 lenr
670 4575 877 4644 archidiacone,
902 4576 1017 4649 excepti
1041 4577 1059 4633 h
1084 4575 1170 4633 celles
1188 4577 1353 4649 ausquelles
1374 4576 1418 4635 lea

292 4666 436 4738 Chapitres
449 4671 476 4721 et
491 4665 620 4739 hbbepes
635 4667 806 4723 nommaient
821 4672 905 4724 erent
923 4673 997 4723 cette
1010 4667 1178 4724 concession
1189 4665 1226 4722 de
1239 4666 1416 4737 Guillsunre,

292 4754 566 4829 lnequed'orlluns.
583 4757 637 4813 Les
650 4756 838 4813 archidiacres
851 4756 992 4828 lonissent
1007 4772 1110 4813 encore
1132 4756 1169 4812 do
1189 4772 1222 4813 oe
1240 4755 1384 4829 privilege.
1402 4777 1416 4809 s
