3420 5490
798 1079 878 1142 CXI!

664 1402 703 1466 tt
722 1399 901 1465 decembre
922 1399 1003 1465 ttttt

273 1676 450 1752 Applicetion
474 1675 512 1732 du
535 1678 613 1749 loyor
635 1676 686 1732 des
707 1677 830 1732 maisons
854 1675 985 1748 repnrms
1007 1675 1042 1730 de
1065 1673 1259 1731 I'arclridiacre
1283 1677 1352 1733 Jsau
1374 1682 1402 1733 et

381 1772 534 1842 d’ttnsauu,
548 1789 601 1828 son
615 1772 700 1843 trdre,
716 1773 732 1828 d
746 1771 773 1829 ia
787 1770 957 1826 edldbration
971 1770 1007 1825 de
1020 1771 1084 1826 leur
1096 1770 1295 1826 anniuersairo.

511 1939 601 2013 (Orig.
618 1959 643 1999 ι.
659 1941 755 2012 purch.
770 1940 856 1998 Aaou.
872 1941 911 1995 du
925 1939 1028 2009 loiret,
1040 1940 1074 1995 G.
1089 1938 1165 2009 288).

322 2213 387 2302 Ego
416 2209 543 2302 tt[ugo]‚
571 2207 808 2284 Aurelianensis
842 2207 981 2281 ecciesie
1011 2209 1170 2296 decanus,
1202 2205 1405 2281 universum·

277 2310 341 2419 que
355 2324 500 2417 ejusdem
516 2323 654 2396 ecclesie
671 2322 859 2417 capitutum,
880 2325 1034 2396 omnibus
1051 2335 1233 2416 presentem
1247 2322 1396 2416 paginam

277 2437 460 2511 ridentibus
492 2437 523 2507 in
546 2438 685 2509 bomino
703 2440 851 2509 salutem.
872 2442 948 2509 Tam
977 2437 1174 2531 presentium
1203 2461 1299 2531 quam
1320 2441 1403 2510 tutu·

276 2574 383 2623 rorum
405 2549 742 2638 noterituoirersitas,
759 2553 833 2643 quia
846 2573 905 2623 nos
918 2554 1122 2623 attendentes
1142 2550 1401 2623 emendationem

276 2688 294 2737 a
312 2666 472 2749 tolmone,
491 2665 719 2737 archidiacono
731 2678 854 2751 nostro,
873 2678 906 2735 et
923 2667 964 2735 ab
980 2668 1121 2750 dosetto,
1142 2668 1237 2737 tratre
1252 2666 1337 2756 ejus,
1370 2663 1403 2735 in

277 2780 420 2875 ipsorum
443 2777 592 2851 domibus
612 2779 996 2865 tactum‚considerantes
1022 2793 1165 2873 preterea
1187 2777 1402 2872 integritatem

278 2893 459 2968 deuotionis
475 2918 569 2987 quam
592 2917 666 2986 erga
685 2892 855 2966 ecetesiam
872 2910 1013 2967 nostram
1031 2894 1218 2990 inpendere
1230 2892 1405 2968 dinoscun-

281 3027 348 3097 tur,
367 3014 407 3082 ad
442 3033 554 3103 preces
584 3013 752 3103 utriusque
785 3008 1008 3084 concessimus
1041 3025 1087 3096 ut,
1126 3025 1199 3106 post
1234 3014 1405 3083 decessum

280 3149 406 3212 eorum,
428 3124 581 3218 quiequid
602 3127 772 3217 pensionis
791 3147 829 3196 ex
849 3128 999 3198 domibus
1018 3125 1082 3197 ittis
1102 3124 1267 3219 proveniet
1286 3126 1320 3197 iu
1338 3148 1407 3197 am·

280 3244 393 3312 borum
415 3238 643 3311 anniversariis
677 3237 846 3309 dividatur.
874 3243 911 3310 lit
942 3253 977 3310 ut
1005 3243 1065 3311 hec
1099 3252 1209 3311 nostra
1235 3239 1407 3310 concessio

281 3351 402 3424 tirmior
422 3368 636 3446 permaneret,
654 3349 749 3442 sigini
771 3355 874 3425 nostri
893 3352 1070 3425 munimine
1090 3350 1226 3424 tacimus
1244 3351 1403 3423 roborari.

282 3473 395 3538 ttctum
422 3466 455 3536 in
479 3465 619 3557 capituto
648 3477 771 3551 nostro,
795 3469 828 3535 in
851 3465 956 3557 uigitia
973 3467 1115 3539 Nothaiis
1139 3465 1281 3550 Domini,
1311 3486 1400 3536 anno

281 3577 511 3650 incarnationis
526 3577 695 3650 Dominice
714 3582 887 3649 ttcxctttt.
