3420 5490
779 694 959 758 -529-

307 823 418 892 seritis
437 819 633 893 audientiam
664 819 851 911 peruenisse
869 823 955 911 quod
979 820 1181 914 lllainaldusl
1215 823 1256 893 do
1280 821 1433 893 Cruciaoo

308 955 419 1025 pacem
435 934 444 979 ¹
463 935 547 1004 inter
564 931 669 1024 ipsum
685 946 718 1004 et
737 932 967 1004 dilectoslllios
987 947 1118 1005 nostros
1136 932 1312 1005 canonicos
1332 936 1432 1005 lure·

307 1044 462 1117 lianensis
487 1049 628 1118 ecclesie
653 1050 782 1129 laetam.
798 1061 829 1118 et
852 1044 1017 1138 privilegio
1038 1049 1122 1118 boue
1145 1044 1299 1117 memorie
1317 1049 1431 1140 prede·

307 1161 449 1229 cessoris
460 1158 518 1241 tui,
540 1165 635 1231 trater
649 1159 904 1251 achiepiscope,
920 1163 1114 1246 roboratam,
1132 1182 1228 1249 qnam
1245 1158 1329 1230 idem
1344 1158 1434 1252 upt-

308 1271 435 1363 naldus}
458 1272 591 1363 prestito
606 1273 791 1361 juramento
810 1283 921 1343 tenere
940 1271 1087 1354 firmasit,
1105 1270 1301 1364 presumpsit
1318 1270 1434 1343 inlrin·

307 1407 383 1474 gere
398 1398 430 1456 et
443 1387 526 1455 bona
539 1386 685 1474 ejusdem
700 1383 839 1457 ecclesie
859 1407 923 1456 non
940 1398 1066 1457 teretur
1091 1387 1227 1457 aulerre.
1258 1383 1339 1472 Quis
1359 1407 1433 1458 roro

308 1501 347 1569 ad
366 1512 512 1570 nostrum
524 1512 649 1591 spectat
666 1497 808 1570 oltlcium
821 1521 858 1570 ea
877 1521 941 1590 spuo
962 1521 1129 1592 perperam
1148 1502 1229 1570 uunt
1246 1504 1285 1572 sd
1303 1497 1435 1572 rectitu-

308 1613 394 1684 dinis
422 1613 581 1686 tramitem
619 1635 780 1686 revocare.
811 1612 998 1685 discretioni
1037 1628 1141 1686 cestre
1172 1636 1230 1706 per
1258 1614 1435 1706 apostoliea

309 1723 428 1816 scripta
449 1723 658 1816 precipiendo
678 1725 869 1795 mandamus
886 1720 1037 1814 quatinus
1052 1722 1233 1816 predictum
1246 1721 1348 1794 sirum
1362 1745 1437 1795 mo-

311 1842 415 1911 neatis
433 1855 465 1911 et
485 1839 632 1913 districto
647 1838 849 1932 compellatis
870 1854 903 1910 ut
922 1841 1133 1931 prescriptam
1147 1862 1272 1932 pacem,
1290 1841 1376 1912 sicut
1384 1841 1436 1932 jo·

313 1954 407 2039 ravit,
428 1969 460 2028 ot
481 1955 512 2026 in
536 1955 704 2049 priuilegio
726 1954 838 2049 prelati
860 1953 1093 2048 archiepiscopi
1114 1954 1310 2039 continetur,
1336 1953 1437 2028 inrio-

313 2071 450 2143 labiliter
462 2075 624 2158 observet,
645 2086 761 2142 ettam
782 2070 888 2163 ipsum
907 2094 1002 2163 quam
1025 2071 1106 2143 ulios
1134 2094 1216 2162 quos
1240 2070 1324 2143 idern
1341 2093 1438 2143 csno·

314 2187 381 2257 nlci
404 2185 496 2257 rolris
514 2185 761 2267 nominaverint,
788 2187 843 2276 qui
863 2187 914 2257 eis
934 2189 1015 2256 loos
1039 2184 1182 2276 predicte
1201 2184 1339 2258 ecclesio
1366 2206 1438 2276 pro·
1484 2183 1508 2234 Ψ

313 2312 523 2388 sumpserunt
539 2303 677 2385 aulerre,
691 2301 730 2370 ιιΙ
749 2300 929 2369 ablatorum
950 2297 1187 2370 restitutionem
1208 2320 1265 2369 sou
1290 2299 1331 2367 sd
1350 2319 1440 2368 eorn-

316 2417 514 2506 plumentum
535 2415 666 2504 justicie
686 2416 899 2507 compellatis.
921 2417 1014 2500 Quod
1036 2413 1063 2484 si
1082 2428 1279 2484 memoratus
1299 2410 1440 2504 lllsinsl·

316 2529 387 2620 dus}
421 2552 532 2619 pacem
568 2528 671 2620 ipsam
703 2529 786 2598 sieut
814 2526 930 2618 jurarit
959 2551 1023 2598 uon
1051 2526 1201 2607 tonuerit,
1227 2543 1259 2600 st
1277 2542 1342 2598 tam
1369 2530 1441 2618 lpse

313 2664 411 2732 quarn
432 2641 566 2713 esteris
591 2646 721 2733 prelatis
740 2639 906 2712 canonicis
923 2640 1077 2713 nominati
1092 2645 1183 2713 soliis
1197 2641 1245 2715 eis
1257 2645 1361 2715 abluta
1376 2666 1441 2715 non

315 2755 518 2826 restituerint
532 2779 592 2826 nee
607 2754 737 2845 justicie
758 2754 989 2846 plenitudinem
1002 2778 1110 2827 coram
1125 2754 1215 2827 uobis
1227 2756 1441 2842 eslilliuoriot‚

316 2868 405 2959 ipsos
422 2890 523 2959 ireque
541 2872 580 2938 ad
595 2871 725 2959 dignam
748 2868 1002 2941 satisfactionem
1017 2869 1232 2961 appellatione
1247 2875 1362 2945 remoti
1376 2872 1443 2945 rio·

315 2985 389 3052 eulo
410 2983 756 3055 excommunicationis
773 2983 969 3074 astringatis.
985 2985 1016 3053 Si
1028 2998 1134 3057 sutem
1147 2998 1194 3069 tu,
1214 2986 1444 3062 lratersrclrie·

317 3097 461 3190 piscnpe‚
485 3099 535 3170 luis
556 3102 714 3174 iuteresse
736 3127 800 3173 ιιοιι
815 3101 947 3193 puteris,
972 3126 1039 3182 tos,
1063 3105 1117 3173 lilii
1132 3101 1293 3191 canonici,
1316 3108 1376 3178 lrec
1395 3105 1444 3178 oi·

316 3214 511 3287 clrilouuiuus
538 3216 769 3310 exsequamini.
799 3221 876 3289 llnta
905 3218 1090 3303 lincolam,
1119 3223 1198 3291 llllll
1219 3223 1373 3297 ltalouslas
1391 3224 1445 3297 tls·

314 3332 466 3403 cembris.
