3420 5490
762 722 939 794 ..335-

288 849 528 925 Aurelianensis
556 858 743 946 episcopos,
776 853 854 924 intro
891 877 1011 924 annom
1032 834 1303 927 'confirmationis
1339 879 1412 939 oue,

290 978 435 1037 tencatur
454 969 588 1037 reddere
608 966 748 1057 capituto
769 989 826 1057 pro
843 965 926 1037 dicto
942 965 1066 1038 decimo
1085 980 1215 1038 centnm
1235 970 1335 1038 tiores
1364 971 1413 1040 vei

288 1083 422 1149 eandem
442 1082 582 1168 capitulo
602 1079 761 1149 dimittere
781 1077 910 1170 penitus
929 1093 963 1150 et
988 1078 1124 1168 quitore.
1146 1085 1211 1152 Nos
1239 1093 1347 1152 entem
1381 1081 1413 1151 in

289 1192 431 1278 predicte
462 1191 645 1261 donationis
673 1205 706 1261 et
730 1190 953 1261 concessionis
987 1191 1208 1263 testimoninm
1244 1204 1414 1283 presentes

287 1301 518 1394 litteroorigitii
540 1302 640 1374 nostri
671 1296 851 1375 munimine
880 1300 1028 1375 dorimno
1061 1306 1269 1377 roborandae.
1295 1308 1414 1376 Datum

290 1439 375 1487 anno
399 1415 525 1488 Domini
547 1420 703 1488 MCCXXX
727 1431 830 1489 sexto.
887 1486 891 1495 .

793 1803 918 1865 cchtt

659 2099 847 2175 Villoisonu‚
865 2100 944 2163 nodt
965 2101 1044 2164 troo

291 2347 467 2419 dsriprration
483 2365 532 2420 pm·
549 2347 623 2404 saint
641 2348 736 2413 ionio,
764 2347 806 2404 roi
821 2348 856 2405 do
883 2347 1000 2421 Frnnec,
1021 2350 1040 2406 d
1061 2350 1101 2405 ttn
1127 2345 1202 2406 rotet
1222 2347 1270 2422 dui
1285 2343 1343 2406 tott
1356 2345 1416 2407 diro

327 2443 403 2500 dlevd
418 2461 489 2516 pour
502 2445 542 2500 tes
562 2448 651 2502 clercs
671 2445 835 2517 ornaments,
852 2445 888 2501 de
902 2446 937 2502 to
955 2444 1038 2502 dores
1060 2446 1095 2503 de
1109 2451 1189 2503 rento
1203 2461 1254 2502 rur
1268 2446 1309 2503 leo
1336 2445 1417 2504 biom

327 2541 470 2612 d'lttrpues
486 2540 511 2595 ie
538 2541 702 2612 Bouteider,
719 2547 745 2597 et
774 2541 809 2597 de
832 2545 895 2597 cent
912 2541 994 2597 tirrcs
1020 2558 1093 2615 pour
1117 2542 1144 2598 le
1168 2542 1299 2599 mobilior
1323 2539 1418 2600 decri

327 2637 400 2691 antei
415 2653 465 2692 sur
479 2637 532 2691 200
543 2637 626 2693 livreo
640 2639 655 2692 d
669 2639 793 2707 prendre
808 2638 857 2693 der
872 2637 952 2694 biens
966 2638 1203 2695 aeternornm.

516 2784 602 2854 (Orig.
620 2801 643 2840 r.
660 2785 757 2855 pnreh.
773 2784 859 2838 Aren.
877 2783 915 2839 du
935 2785 1037 2854 bonet,
1060 2785 1093 2839 G.
1116 2784 1192 2853 tor).

316 2879 409 2952 (ruht.
426 2879 551 2935 Bodetin
565 2879 600 2934 de
613 2881 641 2933 lo
657 2880 723 2935 Soc.
736 2877 861 2935 orchdol.
878 2879 914 2934 do
933 2878 1118 2950 dordonam,
1133 2884 1153 2936 t.
1180 2879 1254 2949 Vlll,
1270 2895 1296 2951 p=
1318 2878 1392 2950 oto.)

339 3119 530 3205 tndovims,
551 3121 609 3192 oei
629 3121 728 3212 gratia
747 3125 939 3194 Francorum
956 3145 1022 3209 rer,
1039 3124 1158 3196 dilecto
1187 3134 1218 3195 et
1238 3121 1323 3196 noeti
1357 3133 1417 3197 otto

294 3234 461 3326 episcopo,
481 3252 513 3308 ct
532 3234 659 3307 ditectio
679 3236 748 3308 sois
768 3239 892 3310 decano
910 3250 943 3309 et
966 3238 1106 3328 capitulo
1133 3237 1416 3311 drrrelitnettoibuo

295 3351 430 3420 salntem
444 3363 476 3418 et
490 3352 711 3421 ditectionem.
728 3349 885 3422 Noveritis
904 3353 990 3442 qnod
1011 3354 1093 3423 dene
1107 3354 1254 3422 roinmno
1266 3362 1299 3421 et
1313 3349 1418 3443 piacet

295 3460 388 3532 nobis
407 3464 492 3552 qnod
508 3466 561 3534 ide
587 3464 756 3536 duodecim
776 3464 889 3535 librate
904 3463 1063 3547 redditor,
1082 3487 1145 3556 qne
1161 3466 1281 3536 debent
1299 3463 1370 3556 capi
1386 3463 1417 3535 in

296 3587 378 3645 terro
396 3575 537 3666 lingonis
559 3576 755 3660 Boticniarii
776 3576 900 3661 mititte
923 3591 1082 3669 ponantur
1108 3577 1140 3646 irt
1162 3576 1301 3649 ecclesia
1320 3582 1419 3651 dore·

295 3685 442 3772 tianensi,
465 3687 497 3756 in
531 3694 669 3777 quodam
699 3689 790 3759 attari
809 3693 893 3778 quod
919 3689 963 3759 toi
989 3702 1148 3759 statuetur
1167 3688 1198 3758 in
1229 3701 1419 3781 perpetuom

296 3821 353 3888 pro
372 3798 499 3869 clericis
517 3799 714 3882 intertectir;
735 3816 765 3870 et
785 3803 870 3890 quod
886 3803 926 3871 de
946 3800 1095 3871 docentis
1115 3799 1283 3891 librisque
1300 3803 1420 3872 debent

297 3912 392 3981 levari
414 3914 453 3981 de
466 3913 564 3982 reims
576 3911 732 3983 lobannis
760 3912 882 3995 destiti,
915 3911 1082 4005 capiantur
1112 3925 1244 3984 centnm
1269 3914 1350 3986 titre
1379 3912 1419 3985 nd

295 4040 481 4095 ornamento
495 4039 526 4094 et
541 4024 639 4095 libros
653 4027 858 4096 emendosod
874 4036 957 4118 optrs
974 4024 1082 4097 nitoris
1104 4024 1291 4118 supradicti.
1308 4031 1421 4098 dcttrttt

296 4143 378 4230 opud
401 4139 511 4209 votam
529 4138 737 4229 Oisedijnrta
755 4144 890 4211 Mortem
909 4139 995 4231 Argi,
1009 4163 1094 4211 enno
1114 4138 1241 4211 Domini
1262 4142 1421 4212 MCCXXX

296 4266 397 4335 serto,
418 4275 529 4322 mense
549 4266 696 4342 angusto.
