3420 5490
806 1018 889 1079 XXX

348 1250 525 1323 uenerem,
551 1247 775 1311 dudecombre
795 1246 849 1328 (tt)
871 1247 932 1308 col.
946 1246 1092 1325 janvier)
1121 1243 1212 1324 [trun
1227 1242 1246 1305 d
1262 1241 1352 1323 1169]

289 1477 447 1534 Alexandro
458 1475 500 1532 111
513 1476 648 1532 conssrme
662 1473 781 1530 i'accord
796 1470 897 1527 conclu
921 1472 985 1543 pur,
1000 1467 1194 1543 t'arcbeudqnc
1222 1469 1257 1524 do
1285 1469 1411 1540 Boorpes

325 1580 404 1632 entre
417 1575 444 1630 le
461 1573 587 1645 ebupitro
599 1577 625 1629 et
639 1568 772 1643 ltepnaud
787 1569 822 1624 de
836 1570 941 1641 tlmcap
955 1573 1126 1623 concernunt
1143 1567 1246 1640 Merop

365 1745 466 1820 (copie
477 1745 513 1801 ds
527 1744 638 1815 Batnae,
654 1758 682 1815 p.
694 1741 739 1798 w.
756 1773 789 1782 -
806 1739 874 1799 Pub.
890 1739 1060 1808 Loeusotebd,
1076 1736 1260 1812 Epictetum.
1278 1737 1354 1811 139.)

333 1963 508 2033 bicuander
531 1959 719 2050 episcopus,
748 1980 860 2029 seruus
892 1980 1058 2028 servorum
1089 1955 1159 2039 Dei,
1182 1955 1308 2029 dilectis
1337 1956 1411 2031 dbis

288 2074 419 2165 capituti
448 2072 596 2143 ecclesie
623 2077 748 2142 Sanctio
781 2069 892 2140 Crucis
925 2070 1175 2153 Aurelianensis,
1206 2073 1342 2141 satutem
1380 2087 1413 2143 et

289 2192 497 2281 apostoticam
519 2186 789 2257 benedictionem.
813 2189 965 2276 injuncte
995 2185 1088 2255 uoltis
1115 2185 1413 2259 amministrationis

289 2302 396 2373 oddcio
410 2315 441 2371 et
462 2299 653 2390 pontibcabs
673 2297 899 2369 sottteiruuinis
913 2300 1021 2369 debito
1031 2320 1290 2383 commonemur,
1308 2314 1342 2368 ut
1361 2322 1413 2384 ea,

289 2438 361 2505 qum
380 2412 615 2504 compositione
635 2415 682 2483 vei
699 2411 822 2503 judicio
845 2425 921 2481 sunt
940 2413 1120 2496 terminata,
1142 2411 1328 2504 apostoticae
1347 2412 1415 2483 tui·

290 2526 387 2598 tionis
411 2524 589 2596 munimine
621 2528 823 2609 roboremus,
855 2540 887 2596 et
917 2540 1079 2617 perpetum
1110 2524 1268 2596 firmitatis
1297 2528 1413 2599 roboro

290 2642 472 2710 iniciemus.
504 2640 692 2730 Eapmpter,
723 2641 838 2709 uestris
870 2638 963 2728 justis
993 2637 1261 2730 postulationibus
1285 2654 1410 2730 gratnm

290 2754 512 2844 impertientes
543 2773 726 2833 assensum,
757 2749 1048 2841 compositioncm¹
1082 2774 1154 2841 qum
1183 2749 1266 2822 inter
1291 2774 1348 2823 ros
1379 2767 1413 2824 et

291 2865 478 2938 bainaidum
508 2867 548 2937 do
583 2863 752 2936 Cracciuco
781 2887 878 2956 super
908 2863 1098 2954 quibusdam
1121 2863 1411 2938 consuetudinibus

290 3004 370 3075 quas
390 2979 473 3053 idem
495 2986 534 3053 n.
557 2978 588 3051 in
606 2995 687 3052 terra
706 2979 854 3051 ecetesiuu
872 2993 983 3052 uestrae
1006 2982 1045 3051 de
1062 2979 1195 3052 baciaco
1215 2981 1409 3072 requirebat,

290 3096 451 3169 mediante
468 3119 541 3168 ren.
558 3100 651 3168 tratre
671 3110 782 3168 nostro
798 3097 935 3189 t'[etro],
951 3094 1139 3168 bituricensi
1154 3096 1412 3190 archiepiscopo,

289 3215 330 3284 de
351 3210 550 3302 beneplacito
568 3224 602 3283 et
627 3233 762 3282 assensu
784 3211 949 3302 utriusque
969 3209 1067 3301 partis
1088 3216 1168 3284 tacta
1187 3226 1239 3284 est
1266 3227 1297 3284 et
1325 3215 1412 3296 data,

288 3325 440 3397 hincinde
471 3328 533 3396 dde
568 3327 703 3409 brmata,
744 3323 829 3395 sicut
861 3327 894 3395 in
925 3324 1098 3397 autenticis
1130 3325 1259 3418 scriptis
1296 3325 1412 3398 exinde

289 3439 381 3510 tactis
399 3438 597 3522 continetur,
625 3437 815 3510 auctoritate
840 3438 1014 3529 apostoliea
1044 3440 1288 3523 confirmamus,
1313 3451 1357 3522 et,
1378 3454 1413 3510 ut

289 3554 404 3623 tuturis
424 3554 624 3642 temporibus
655 3550 880 3622 inviolabiliter
911 3555 1113 3636 observetur,
1142 3574 1213 3623 eam
1242 3554 1414 3642 praesentis

290 3665 401 3758 scripti
422 3663 598 3757 patrocinio
622 3664 872 3750 communimus,
902 3679 1081 3736 statuentes
1110 3679 1144 3736 ut
1175 3664 1252 3735 nubi
1279 3662 1412 3736 omniuo

290 3778 456 3852 bominum
473 3777 565 3850 tieeat
581 3783 665 3851 banc
679 3779 825 3871 paginam
841 3794 959 3851 nostum
973 3776 1213 3851 constitutionis
1225 3778 1411 3872 intringere,

292 3892 384 3965 reici
404 3891 604 3983 atiquatenus
630 3892 799 3965 contraire.
834 3892 865 3963 Si
896 3892 969 3985 quis
996 3906 1102 3965 autem
1134 3896 1196 3964 boc
1223 3906 1413 3986 attemptare

291 4007 544 4100 presumpserit,
569 4008 821 4097 indignationem
843 4007 1072 4100 omnipotentis
1100 4010 1158 4079 Dei
1185 4023 1216 4079 ct
1246 4011 1411 4080 beatorum

292 4120 374 4192 Petri
390 4135 421 4192 et
437 4123 526 4192 Paeti
542 4124 760 4213 apostotorum
771 4125 842 4212 ejus
857 4142 893 4191 se
913 4120 1036 4191 nouerit
1056 4120 1272 4192 incursurum.
1294 4123 1411 4192 Datum

291 4232 478 4318 beneventi,
499 4237 591 4308 xvtn
605 4237 668 4304 bat.
682 4232 831 4324 januarii.

325 4690 335 4727 ¹
354 4687 393 4745 (11
401 4688 497 4745 charte
509 4688 595 4745 xvd.
