3420 5490
792 1056 915 1119 CCLXX

765 1334 850 1394 Mars
882 1330 961 1393 tete

323 1553 449 1609 Manassd
459 1554 493 1608 de
509 1552 635 1609 Pnrniers
649 1552 720 1608 vend
733 1568 769 1608 au
783 1553 908 1624 chapitra
923 1569 994 1623 pour
1003 1550 1039 1608 20
1049 1554 1133 1609 lieres
1147 1554 1246 1625 parisis
1260 1552 1287 1611 ia
1300 1556 1376 1611 dtsna

358 1648 426 1719 qu'it
441 1648 560 1719 posside
578 1663 628 1704 sur
640 1648 666 1703 la
681 1647 775 1702 moitis
791 1648 874 1703 d'nne
889 1648 1025 1703 charrnde
1040 1648 1075 1705 de
1089 1654 1163 1705 terre
1174 1650 1191 1705 d
1204 1649 1344 1705 anierr.

519 1788 607 1859 (Orig.
623 1804 646 1843 s.
663 1787 758 1861 parcit.
784 1788 868 1843 arch.
885 1788 924 1843 du
938 1788 1043 1859 iniret,
1063 1788 1097 1845 G.
1113 1788 1190 1859 399).

338 2005 499 2076 Omnibus
514 2017 683 2096 presentes
695 2004 816 2076 litteras
831 2002 1026 2097 inspecturis
1052 2002 1197 2078 officiatis
1210 2006 1300 2078 curie
1320 2010 1418 2081 dure·

294 2116 448 2189 tianensis
465 2121 602 2189 salntem
627 2116 659 2188 in
683 2116 833 2189 Domino.
855 2120 1007 2191 Noverint
1033 2117 1173 2192 universi
1190 2122 1276 2212 qnod
1296 2124 1420 2195 danas-

292 2254 346 2304 ses
365 2235 405 2304 de
423 2235 553 2318 Pomes,
580 2230 685 2319 miles,
705 2246 737 2303 et
760 2235 859 2304 ddeta
878 2234 951 2325 ejnr
971 2256 1048 2304 nxnr
1067 2231 1228 2306 innostra
1253 2234 1416 2328 presentia

292 2346 461 2420 constituti
483 2360 580 2418 totam
601 2346 759 2418 decimam
779 2370 870 2419 snam
896 2371 993 2438 «priam
1014 2350 1174 2420 trabebant
1188 2348 1221 2421 in
1241 2348 1417 2423 medietate

292 2464 459 2551 enjusdam
470 2483 627 2551 quarruce
640 2475 724 2531 terre
743 2460 805 2532 sitc
819 2463 903 2552 apnd
918 2465 1032 2532 i‘omes
1045 2464 1054 2497 ¹
1067 2460 1099 2531 in
1120 2462 1286 2554 parrochia
1303 2466 1345 2535 de
1364 2462 1419 2535 ei-

293 2573 386 2645 diaco
407 2596 463 2664 pre
484 2573 594 2663 viginti
619 2572 708 2644 tibris
735 2572 976 2664 parisiensium,
998 2573 1170 2664 dequibus
1191 2596 1228 2645 se
1243 2588 1417 2649 tenuerunt

293 2706 400 2755 eoram
434 2683 529 2755 nobis
549 2684 671 2775 integre
692 2708 748 2776 pre
771 2684 894 2776 papatis
922 2683 954 2753 in
971 2684 1107 2775 pecnnia
1136 2698 1316 2767 numerata,
1337 2686 1416 2758 viris

291 2795 529 2869 venerabilibus
544 2810 575 2866 et
602 2795 753 2868 discretis
773 2799 895 2867 decano
913 2809 946 2867 et
965 2796 1104 2887 capitrdo
1129 2795 1415 2871 Aurelianensitrns

291 2907 503 2981 vendiderunt
519 2924 550 2979 ct
563 2923 809 2995 concesserunt,
830 2907 891 2980 sihi
906 2922 938 2980 et
957 2912 1145 2981 eorumdem
1165 2912 1413 2985 successoribus

291 3024 530 3116 inperpetuum
559 3022 690 3116 pacitice
710 3023 938 3115 possidendam
957 3035 990 3096 et
1011 3027 1270 3116 percipiendam,
1293 3028 1357 3098 tide
1375 3030 1412 3099 in

293 3159 389 3207 manu
410 3151 518 3208 nostra
543 3160 641 3229 super
660 3139 722 3208 troc
753 3135 884 3229 prestita
914 3134 1138 3230 promittentes
1156 3139 1243 3229 qnod
1273 3134 1305 3208 in
1326 3136 1414 3213 dicta

293 3264 357 3320 teta
371 3251 495 3320 decima
514 3252 586 3339 jure
606 3248 746 3320 dotaticii
768 3271 825 3319 sen
842 3248 905 3320 atie
925 3271 1129 3340 quocumque
1144 3251 1218 3342 jare
1239 3272 1296 3343 per
1313 3273 1349 3323 se
1364 3256 1415 3325 rei

291 3384 348 3453 per
366 3360 459 3446 alins,
480 3371 568 3433 etc...
591 3360 760 3433 idauricius
781 3384 854 3432 vero
884 3376 916 3432 et
942 3365 1115 3445 tenedus,
1135 3360 1228 3434 tiberi
1254 3362 1417 3437 dictorum

291 3479 434 3546 danesse
451 3488 484 3545 et
502 3478 573 3566 ejus
589 3475 707 3561 ureris,
730 3475 849 3545 dictam
868 3473 1092 3545 vendicionem
1107 3497 1216 3546 ceram
1236 3476 1333 3547 nebia
1353 3498 1413 3549 rn-

291 3587 432 3671 incrnnt,
453 3588 660 3657 laudaverunt
680 3602 711 3657 ct
730 3602 966 3657 concesserunt
979 3609 1037 3679 per
1050 3588 1146 3659 tidem
1161 3609 1253 3659 snam
1269 3586 1302 3659 in
1317 3610 1417 3663 manti

290 3710 401 3768 nostra
417 3721 517 3789 snper
533 3703 595 3769 trec
615 3697 793 3789 prestitam,
815 3698 1040 3790 promittentes
1059 3702 1145 3792 qnod
1162 3712 1274 3772 centra
1294 3700 1416 3773 dictam

292 3808 507 3880 venditionem
535 3833 590 3901 per
609 3833 645 3881 se
661 3816 708 3882 ret
735 3833 791 3902 per
807 3811 888 3883 adies
909 3812 1018 3883 venire
1037 3812 1069 3882 in
1088 3825 1251 3903 porterum
1277 3814 1417 3885 nudate·

291 3946 352 3995 nus
371 3926 584 4016 acceptabant
611 3948 671 3996 nec
697 3924 728 3995 in
750 3926 834 3998 dicta
853 3924 978 3997 decima
1011 3925 1108 3998 nichil
1127 3928 1168 3998 de
1192 3938 1302 3997 cetero
1317 3928 1420 3999 recia.

290 4042 434 4110 madunt.
455 4041 526 4110 ttdo
551 4064 624 4112 vern
653 4044 694 4113 de
712 4046 839 4126 l’omes,
874 4044 1024 4135 armiger,
1048 4040 1102 4135 qni
1127 4042 1253 4115 dicebat
1284 4064 1322 4115 ae
1341 4066 1418 4117 esse

292 4154 428 4246 primum
443 4157 609 4227 dominnm
624 4156 707 4227 tcodi
721 4156 805 4228 dicte
818 4173 913 4241 terre,
935 4172 967 4229 ct
982 4162 1064 4229 Gaze
1078 4158 1217 4250 armiger
1227 4158 1269 4230 de
1282 4160 1415 4241 i’onres,

287 4270 342 4359 qni
363 4292 399 4342 se
419 4272 548 4342 dicebat
568 4293 642 4343 esse
661 4274 840 4343 secundum
859 4274 1027 4344 dominnm
1048 4271 1132 4345 iendi
1153 4270 1239 4344 dicte
1260 4256 1360 4361 terre,
1380 4287 1416 4347 οι

288 4381 481 4473 daginatdus
502 4387 626 4464 Pncart,
649 4383 753 4465 mites,
775 4384 828 4475 qni
849 4407 885 4457 se
909 4386 1039 4455 dicebat
1059 4406 1135 4456 csse
1152 4384 1287 4456 tercium
1304 4386 1416 4457 donni·

652 4580 876 4589 ——----.

323 4690 331 4724 ¹
353 4690 491 4745 Pomierr.
