3420 5490
726 728 763 743 -
786 693 845 757 243
868 731 903 741 -

257 820 516 909 quibuscunque,
545 816 668 908 integre
688 821 828 909 capitulo
857 818 1059 908 contulisset,
1082 840 1143 909 ego
1177 840 1264 889 nuuc
1283 823 1382 891 dure·

252 930 407 1004 liancnsis
422 934 640 1014 subdecanus,
667 933 720 1001 cni
741 944 813 1022 post
833 929 1070 1003 ordinationem
1100 931 1194 1002 istam
1221 935 1382 1005 subdeca-

252 1056 362 1114 natum
383 1042 489 1135 ipsum
507 1042 651 1114 noscitur
669 1046 860 1126 contulisse,
882 1047 958 1114 lrurc
989 1042 1182 1116 ordinationi
1215 1067 1279 1115 oon
1300 1068 1380 1117 con·

253 1161 413 1240 sentiens,
434 1181 532 1249 super
553 1160 772 1230 subdecanum
793 1170 905 1229 contra
930 1156 1103 1248 capitulum
1132 1157 1215 1231 movi
1238 1173 1383 1250 postmo-

253 1276 329 1342 dum
349 1273 552 1362 questionem
585 1274 678 1362 cujus
709 1269 890 1363 questionis
919 1270 1084 1342 contentio
1104 1294 1161 1363 per
1192 1275 1383 1344 transactio·

257 1408 331 1456 nem
348 1408 455 1456 coram
472 1383 626 1476 episcopo
648 1395 816 1475 prenotato
839 1382 944 1454 taliter
962 1397 1013 1456 cst
1039 1384 1156 1477 sopita.
1182 1387 1382 1457 l‘rebendam

258 1523 351 1591 quom
364 1499 594 1571 subdecanatui
615 1499 679 1569 diri
699 1523 827 1592 semper
845 1522 1006 1571 arrnevum
1029 1498 1187 1582 extitisse,
1204 1498 1382 1590 predictum

261 1613 291 1682 in
316 1636 394 1686 cena
420 1611 547 1684 Domini
578 1612 768 1704 manutergii
797 1614 941 1696 tendum,
962 1616 1115 1704 prolatam
1143 1612 1267 1683 vineam
1288 1635 1383 1703 quam

259 1727 318 1798 diri
363 1730 572 1799 l'etrosellom
613 1727 805 1817 nuncupari,
843 1739 1020 1798 memorata
1052 1740 1214 1818 pratorum
1250 1721 1384 1818 arpenta

258 1845 334 1922 duo,
351 1843 405 1929 jus
420 1854 606 1932 patronatus
626 1839 657 1909 in
671 1840 808 1912 ccclesia
823 1840 926 1911 sancti
943 1838 1063 1910 llartini
1080 1843 1120 1911 de
1147 1845 1224 1912 brea
1248 1854 1281 1911 et
1294 1839 1386 1931 quid·

256 1953 329 2043 quid
345 1952 376 2022 in
396 1976 432 2022 ca
445 1954 483 2022 ad
499 1956 550 2042 jus
572 1953 708 2042 pertinet
726 1964 912 2044 patronatus
926 1973 1052 2022 necnoo
1072 1974 1218 2042 magnam
1235 1953 1267 2021 in
1282 1954 1384 2023 claus-

258 2079 304 2134 tro
323 2067 468 2154 ejusdem
484 2064 622 2135 ecclesie
638 2062 809 2152 justitiam,
831 2067 916 2133 salva
944 2077 1049 2134 tamon
1070 2065 1125 2134 illo
1152 2063 1275 2152 justitia
1293 2066 1384 2154 capi-

260 2181 324 2248 tulo
342 2200 404 2267 quc
425 2176 563 2267 pertinet
582 2179 620 2245 ud
635 2175 812 2259 censivam,
829 2179 949 2248 Vallem
969 2199 1043 2247 cum
1060 2176 1218 2247 universis
1235 2180 1273 2247 ad
1288 2199 1385 2266 gran·

260 2293 341 2382 giem
359 2292 596 2381 pertinentibus
615 2292 655 2359 ab
674 2291 822 2379 antiqno,
838 2302 870 2361 et
894 2304 1038 2381 preterca
1068 2288 1216 2360 universa
1236 2311 1299 2381 qne
1319 2303 1383 2359 tam

260 2408 342 2496 apvrd
369 2407 488 2476 Vellem
509 2427 603 2496 quarn
624 2405 707 2495 apud
727 2406 901 2495 Capellam,
922 2417 1054 2495 excepta
1075 2406 1299 2476 tantummodo
1318 2403 1384 2476 vini

260 2521 396 2604 decimo,
422 2519 596 2612 capitulum
630 2519 755 2613 propria
776 2519 975 2613 possidebat,
999 2519 1067 2605 sive
1098 2520 1129 2591 in
1164 2522 1263 2592 londo
1287 2535 1382 2606 terre,

260 2636 326 2708 sive
347 2635 378 2706 in
400 2635 534 2708 decimis
554 2648 585 2706 et
604 2636 754 2726 terragio,
777 2648 808 2706 et
829 2634 860 2705 in
888 2635 976 2705 omni
994 2633 1139 2725 justicia,
1163 2649 1195 2706 et
1215 2633 1247 2705 in
1268 2658 1382 2721 censu,

257 2764 287 2821 ct
311 2749 342 2820 in
359 2749 618 2833 relevationibus,
648 2763 680 2820 et
706 2748 843 2820 inomni
865 2773 910 2836 re,
932 2764 963 2822 et
985 2751 1016 2820 in
1036 2749 1124 2821 omni
1141 2754 1226 2841 jure,
1252 2762 1384 2840 excepta

257 2887 385 2956 quoque
406 2863 569 2934 {ambladi
599 2886 694 2953 quom
718 2861 781 2932 vini
813 2863 936 2934 decima
953 2865 992 2932 ad
1010 2866 1208 2953 prebendam
1227 2862 1383 2935 lobannis

256 2977 470 3049 arcbidiaconi
492 2978 595 3048 llelsie
612 2979 805 3067 pertinente,
827 2980 1064 3050 subdecanatos
1085 2991 1209 3070 integre
1222 2991 1254 3050 et
1272 2981 1383 3070 quiete

258 3092 482 3185 perpetuabitur
512 3090 693 3175 obtinebit;
725 3089 765 3162 ita
798 3105 904 3164 tarrren
938 3095 1024 3184 quotl
1046 3095 1085 3163 dc
1117 3091 1242 3186 propria
1274 3092 1379 3177 vineo,
1417 3110 1420 3118 ·

258 3211 337 3278 inlru
359 3204 547 3298 porprisiam
564 3230 655 3277 sunm
675 3208 861 3298 abantiquo
882 3206 954 3294 sita,
977 3206 1134 3280 decimam
1156 3208 1295 3298 aliquam
1316 3231 1381 3279 non

260 3323 441 3411 porsolvet;
466 3319 506 3391 ita
527 3321 622 3391 etiam
642 3324 726 3409 quod
747 3320 830 3392 cirea
851 3318 1039 3412 dignitatem
1060 3320 1157 3392 nicbil
1182 3334 1232 3391 est
1252 3318 1380 3413 penitus

259 3435 475 3517 immutatum,
491 3438 547 3505 sed
563 3437 651 3505 illesa
673 3458 803 3526 prorsus
823 3449 855 3507 ct
873 3435 994 3527 integra
1013 3434 1152 3526 dignitas
1167 3435 1379 3528 permanebit,

259 3562 290 3618 ct
309 3549 432 3619 ratione
452 3546 629 3638 dignitatis,
660 3549 691 3617 in
723 3550 819 3619 rebus
840 3571 897 3639 per
920 3553 1003 3619 banc
1029 3547 1278 3619 transactionem
1298 3551 1380 3618 sob-

260 3659 369 3731 tractis
410 3660 654 3741 subdecanatni,
682 3661 778 3729 nicbil
800 3685 931 3750 prorsus
960 3662 1075 3750 poterit
1104 3661 1286 3731 vendicare.
1308 3663 1382 3730 Uni-

260 3795 348 3842 versa
370 3795 443 3842 vero
464 3774 534 3860 jura
553 3770 613 3841 alia
629 3795 687 3842 scu
707 3775 938 3857 emolumenta,
959 3775 1157 3863 ubicumque
1179 3770 1296 3863 posita,
1319 3795 1382 3862 quc

259 3888 297 3955 ad
317 3887 569 3955 subdecanatum
595 3885 701 3955 modis
718 3884 915 3975 quibuslibet
947 3896 1184 3976 spectaverunt,
1206 3887 1253 3954 vel
1284 3884 1380 3955 ctiam

260 3997 428 4090 excogitari
450 4012 586 4090 possunt
611 4011 665 4068 ant
684 4013 835 4091 poterunt
853 4000 1064 4092 spectavisse,
1096 4000 1235 4092 capittrlo
1255 4022 1382 4072 reman-

261 4127 369 4186 serunt
407 4115 529 4204 integra
569 4128 601 4184 et
631 4113 1064 4207 irrevocabiliterperpetua
1096 4113 1303 4206 possidenda,
1339 4113 1381 4185 ita

262 4229 343 4318 quod
365 4229 523 4298 nullusde
542 4240 650 4299 cetero
671 4231 875 4300 subdecanus
887 4233 941 4320 jus
959 4229 990 4298 in
1012 4228 1060 4300 eis
1080 4228 1207 4318 aliquod
1227 4231 1383 4299 reclamo·

263 4341 317 4410 bit.
348 4344 413 4432 Ego
440 4339 536 4432 igitur
563 4344 646 4412 banc
673 4342 935 4426 transactionem,
969 4342 1000 4412 in
1034 4339 1208 4435 supradicti
1239 4339 1383 4434 episcopi

263 4461 375 4526 laetam
396 4456 570 4547 presentia,
586 4460 770 4549 juramento
797 4458 1006 4551 corporaliter
1023 4460 1158 4551 prestito
1178 4482 1230 4530 mc
1251 4455 1385 4550 promisi

264 4571 343 4640 bona
366 4571 427 4640 lrde
448 4569 578 4642 tirmiter
599 4586 812 4658 servaturum,
831 4577 893 4644 boe
913 4587 1032 4646 statuto
1059 4575 1145 4666 qnod
1173 4571 1278 4645 simile
1297 4595 1386 4665 pres-

263 4698 327 4757 tare
347 4686 507 4757 tenebitur
523 4688 742 4778 juramentum
763 4687 909 4780 quisquis
928 4687 960 4760 in
979 4688 1117 4763 ecclesia
1145 4694 1262 4761 Sancte
1278 4689 1389 4762 Crucis
