3420 5490
772 1060 934 1122 ccuxttv

710 1357 750 1421 25
769 1357 904 1420 octobre
925 1356 1004 1421 vete

314 1612 403 1667 Venle
416 1628 453 1666 au
464 1610 589 1682 cbapilre
603 1626 654 1683 par
667 1610 785 1665 Ellenne
797 1610 835 1665 bs
849 1608 993 1665 Mardcbal
1008 1608 1043 1665 de
1055 1610 1082 1665 le
1091 1610 1202 1666 musivo
1216 1610 1252 1667 de
1264 1611 1292 1666 le
1305 1610 1384 1667 Guve

492 1707 558 1777 pres
572 1705 599 1760 le
610 1704 812 1775 ttesmtpirmd
825 1720 899 1777 pour
910 1705 947 1759 att
961 1704 1044 1761 tivvss
1059 1704 1172 1777 parisis.

525 1851 614 1922 (orig.
630 1866 653 1907 s.
667 1850 764 1922 perch.
781 1850 865 1906 Areb.
880 1848 919 1906 du
933 1849 1035 1919 boiret,
1051 1850 1086 1907 G.
1102 1848 1181 1923 ³50.)

335 2090 496 2163 Universis
513 2105 680 2185 presentes
698 2092 821 2163 litteras
838 2090 1033 2184 inspectoris
1047 2088 1194 2163 olllcialia
1213 2092 1419 2173 Aurelianen-

288 2205 334 2278 sis
359 2209 495 2278 salutem
527 2205 558 2276 in
590 2207 742 2276 Domino.
767 2205 924 2277 Noveritis
953 2208 1040 2297 quod
1062 2206 1224 2278 innostra
1254 2206 1415 2299 presentia

288 2319 453 2392 constituti
487 2322 670 2412 Stephanus
695 2321 881 2403 llarescalli‚
903 2319 1009 2405 miles,
1028 2335 1060 2392 et
1083 2322 1230 2392 Ysabella
1249 2323 1320 2413 ejus
1340 2343 1419 2392 uxor

289 2448 387 2505 totam
422 2431 584 2505 censivam
623 2438 663 2504 de
694 2437 722 2504 la
756 2434 842 2505 Cue¹
874 2436 949 2525 (sic)
980 2456 1079 2526 prope
1115 2433 1347 2527 blesongiraudi
1383 2450 1418 2507 et

290 2570 405 2619 omncs
435 2548 570 2638 gallinas
597 2551 767 2618 censuales
797 2546 858 2618 sibi
889 2549 1015 2618 debitas
1045 2548 1078 2617 in
1111 2551 1198 2620 dicto
1223 2552 1308 2632 loco,
1339 2549 1417 2621 ilevn

290 2660 453 2733 sexdecim
471 2660 621 2731 denarios
639 2664 809 2732 censuales
824 2684 906 2752 quos
926 2661 1076 2731 dicebant
1092 2684 1128 2731 so
1147 2665 1265 2733 babere
1291 2676 1323 2733 et
1343 2686 1417 2753 pos·

289 2773 396 2844 sidere
412 2776 460 2843 vel
481 2772 571 2863 ‹puasi
587 2788 829 2863 superquatoor
840 2772 982 2865 arpentis
1002 2788 1085 2843 terre
1105 2772 1176 2845 sitis
1187 2788 1272 2845 retro
1284 2775 1416 2845 domum

290 2886 506 2977 llesigiraodi,
528 2902 695 2956 moventes
716 2900 852 2977 exparte
868 2886 944 2956 dicti
966 2885 1088 2969 militis,
1102 2899 1136 2957 ot
1152 2885 1317 2971 dicebant,
1336 2910 1417 2979 quas

290 2997 440 3072 censivae
466 3002 617 3069 tenebant
646 3021 663 3069 a
693 2999 930 3069 venerabilibus
960 2997 1035 3069 viris
1064 3001 1187 3070 decano
1214 3014 1248 3071 ct
1277 3000 1418 3093 capitulo

291 3112 585 3195 aurelianensibus,
627 3115 768 3184 vendunt
806 3127 837 3183 et
877 3111 1007 3184 nomine
1040 3112 1241 3186 vendicionis
1275 3117 1419 3199 tradunt,

289 3233 415 3319 quitant
439 3230 571 3321 penitus
583 3242 616 3299 ct
630 3229 794 3298 dimittunt
813 3250 922 3298 coram
936 3228 1030 3299 nobis
1050 3227 1165 3321 injure
1181 3228 1418 3301 venerabilibus

291 3342 366 3413 viris
378 3346 500 3412 decano
520 3357 551 3412 et
568 3341 708 3433 capitulo
729 3343 1012 3413 bvrrelianensibus
1032 3365 1089 3434 pro
1107 3341 1217 3433 viginti
1233 3357 1307 3414 octo
1327 3342 1420 3416 libris

292 3455 530 3547 parisiensium,
552 3458 593 3526 dc
612 3454 729 3545 quibos
750 3479 785 3526 se
812 3469 983 3526 tonuerunt
1000 3455 1076 3527 dicti
1094 3456 1277 3529 venditores
1296 3456 1421 3549 integro

292 3570 483 3662 propagatis
497 3570 528 3639 iu
546 3570 681 3660 pecunia
703 3586 879 3655 numerata,
896 3572 963 3662 jus,
976 3568 1170 3656 dominium,
1188 3575 1420 3663 proprietatem

290 3702 322 3758 et
344 3685 586 3777 possessiouem
617 3699 686 3755 etc..
739 3688 962 3756 transferendo
980 3700 1013 3757 et
1036 3686 1135 3756 uiobil
1162 3684 1224 3757 sibi
1238 3697 1327 3759 ele...
1344 3684 1420 3759 reti·

293 3804 410 3872 nendo.
432 3798 671 3883 l’rovnitlentes,
692 3811 778 3869 etc...
808 3803 908 3871 lmmo
930 3800 1157 3891 promiserunt,
1177 3818 1263 3873 etc...
1285 3801 1420 3893 Obliga·

293 3929 405 3986 verunt
429 3924 536 3997 etc...,
574 3929 795 4006 supponentes
826 3940 862 3985 so
891 3939 953 3985 nrm
973 3938 1045 3986 cuuv
1065 3914 1217 3987 omuibus
1234 3915 1328 3987 bouis
1350 3918 1421 3989 suis

291 4046 446 4121 quantum
465 4032 504 4099 ad
535 4028 676 4120 prodicta
699 4028 896 4119 juridictioni
923 4028 1011 4100 curie
1034 4030 1293 4115 Aureliancrvsis;
1316 4046 1349 4103 et
1371 4054 1420 4103 re·

293 4142 536 4226 annunciaverunt,
561 4156 647 4213 ete...
675 4148 709 4212 bv
737 4147 828 4233 ctvjus
858 4143 902 4215 rei
927 4144 1114 4215 memoriam
1139 4160 1170 4215 et
1200 4144 1421 4217 testinnonium

293 4258 496 4350 presentibus
523 4255 637 4327 littoris
664 4260 702 4326 ad
733 4256 982 4349 requisicionom
1012 4259 1172 4331 dictorum
1206 4258 1359 4353 Stepbani
1389 4274 1423 4333 et

328 4572 335 4603 ¹
356 4592 369 4627 a
392 4576 429 4629 Lo
449 4576 524 4627 lluve
551 4596 575 4643 ιι,
597 4573 635 4627 dil
661 4591 699 4627 urv
725 4574 868 4627 destitues
897 4576 935 4628 du
959 4574 1021 4637 slus,
1038 4578 1095 4629 lvdrv
1122 4574 1282 4645 posterieut·
1309 4588 1344 4629 en
1359 4574 1422 4627 dado

292 4666 351 4725 lxv*
368 4660 476 4727 siboto).
