3420 5490
722 695 903 759 -145-

252 818 390 890 ecclesie
423 822 510 890 lleati
543 820 756 893 llartlrolomei
788 837 821 891 et
852 819 1019 892 canonicis
1051 820 1217 892 annuatim
1241 846 1377 893 censum

253 932 364 1002 retldat
392 932 663 1023 prenominatum,
696 946 816 1023 etpost
838 935 909 1022 ejus
938 936 1108 1005 decessum
1129 947 1231 1006 totum
1255 939 1378 1028 absque

252 1044 355 1134 aliqua
371 1046 525 1116 heredum
546 1044 648 1135 ipsius
667 1046 895 1118 reclamatione
910 1059 943 1118 et
971 1047 1153 1138 calumpnia
1176 1050 1216 1117 acl
1238 1053 1378 1138 prelatos

252 1159 362 1228 rctlent
381 1161 569 1241 canonicos,
590 1159 623 1229 in
654 1161 767 1231 eadem
805 1157 951 1230 libertate
970 1173 1002 1230 et
1036 1158 1143 1248 quiete
1167 1184 1228 1251 qua
1252 1174 1285 1232 et
1316 1161 1379 1234 alie

253 1269 391 1340 ecclesie
410 1294 473 1361 qne
490 1272 616 1364 proprie
640 1275 681 1343 atl
701 1278 817 1344 Sancte
838 1270 949 1342 Crucis
969 1274 1143 1363 capitulum
1172 1287 1319 1365 spectare
1338 1275 1381 1346 ni·

254 1386 368 1456 ‹lcotur
383 1384 577 1457 consistunt.
611 1390 654 1459 Eo
679 1387 838 1478 siquidem
864 1398 975 1459 tenore
1008 1390 1162 1478 prolatam
1181 1386 1229 1460 eis
1247 1412 1381 1463 conces-

254 1501 356 1570 simus
376 1499 547 1572 ecclcsiom
569 1515 601 1573 ut
628 1499 763 1593 singulis
783 1500 876 1573 anuis
895 1514 1009 1574 octauo
1036 1502 1088 1574 tlie
1114 1516 1189 1576 ante
1213 1506 1382 1577 llscensio·

255 1638 328 1685 nom
348 1616 478 1706 triginta
509 1616 632 1687 solidos
662 1614 900 1688 Aurelianensis
939 1628 1068 1688 monete
1099 1616 1240 1708 capitulo
1264 1623 1382 1692 Sancte

256 1731 367 1799 Crttcis
388 1732 584 1821 persolvant,
605 1732 661 1820 qni
676 1729 728 1802 clio
749 1729 956 1803 lscensionis
987 1729 1070 1803 inter
1103 1730 1238 1805 clericos
1253 1734 1293 1804 atl
1314 1758 1385 1824 pro·

255 1843 438 1916 cessionem
470 1858 585 1917 euntes
615 1843 807 1916 dividantur.
838 1843 982 1917 Ecclesia
996 1869 1072 1918 uero
1094 1846 1193 1919 libera
1221 1861 1253 1920 et
1278 1849 1385 1940 quieta

257 1943 443 2049 permaneat
480 1963 603 2049 absone
639 1962 765 2031 circada
793 1973 827 2032 et
862 1958 977 2033 sinodo
1010 1973 1043 2032 ct
1079 1959 1184 2051 aliqua
1220 1961 1386 2035 exactione

256 2073 419 2165 episcopi,
447 2071 675 2153 archidiaconi,
707 2071 980 2166 archipresbiteri.
1015 2075 1048 2143 Si
1078 2097 1152 2145 vero
1183 2075 1386 2167 casualiquo

257 2189 430 2276 contigerit
449 2188 533 2276 quod
554 2209 675 2257 census
690 2187 729 2256 ad
749 2187 927 2275 predictum
948 2209 1012 2256 non
1028 2188 1179 2257 tetltlatur
1198 2191 1384 2274 terminum,

258 2313 426 2388 utramque
452 2299 622 2370 ecclesiam
643 2297 794 2369 ritlolicet
823 2301 863 2370 tle
892 2300 1056 2384 l'irmitnte
1083 2313 1116 2369 ct
1147 2303 1187 2371 tle
1212 2300 1301 2372 Noim
1322 2315 1386 2372 tam

258 2411 311 2482 tlin
331 2436 367 2482 ox
390 2429 514 2503 pacton
536 2412 643 2484 divino
669 2411 1030 2493 intenlicitnusollicio,
1051 2414 1156 2485 tlonec
1174 2437 1293 2486 ccusns
1312 2439 1385 2487 cnm

256 2526 416 2618 condigna
435 2527 617 2599 satilntiooe
638 2529 799 2598 rctltlatnr.
834 2531 980 2598 l’rctcrou
1001 2526 1032 2597 in
1054 2532 1135 2600 lesto
1155 2529 1238 2600 besti
1265 2533 1388 2601 'lltome

257 2639 392 2729 singulis
407 2642 501 2709 annis
519 2638 630 2709 libram
651 2663 725 2711 cere
741 2641 923 2729 persolvant
939 2641 979 2709 ad
995 2641 1072 2709 anni
1093 2639 1164 2710 noui
1183 2640 1389 2711 illuminatio·

258 2775 343 2823 nem.
365 2755 514 2838 Quodne
534 2768 630 2843 ‹pneot
652 2756 750 2823 latcre
771 2766 917 2841 posteros
938 2765 972 2821 ut
989 2751 1128 2823 ecclesia
1155 2754 1195 2824 tle
1222 2756 1389 2826 Firmitate

258 2869 318 2936 ltoc
338 2867 457 2935 tlounm
479 2879 512 2936 et
532 2865 678 2936 uniuersa
694 2867 814 2955 utribus
837 2866 944 2935 dotata
974 2878 1024 2936 est
1058 2863 1190 2936 liberius
1209 2880 1241 2937 et
1266 2866 1389 2939 firmius

259 2979 435 3070 possideat,
456 2979 577 3072 scripto
609 2979 907 3051 cornmonrlavimos
930 2992 963 3050 ct
982 2977 1077 3071 sigilli
1099 2978 1201 3051 nostri
1219 2983 1388 3054 actoritate

258 3097 454 3166 corroltorari
496 3097 710 3186 prcccpiurus.
744 3101 857 3166 Actum
883 3093 1009 3186 pulrlicc
1044 3093 1076 3164 in
1105 3094 1244 3186 capitulo
1271 3101 1388 3171 Sancte

259 3210 382 3293 Crucis,
396 3212 573 3281 astantibus
593 3211 766 3300 majoribus
787 3208 933 3300 personis
949 3209 1080 3281 Simone
1100 3211 1235 3294 decano,
1257 3213 1388 3285 Girardo

259 3336 400 3405 cantore,
435 3322 585 3394 Zacharia
615 3326 814 3405 subdecano,
844 3325 977 3393 lladullo
1009 3322 1182 3413 capicerio,
1224 3325 1388 3396 lluccartlo

260 3436 495 3508 archidiacono.
524 3440 639 3507 llatum
671 3461 726 3527 per
760 3461 889 3506 manum
927 3436 1048 3526 lllgrini
1074 3436 1272 3508 cancellarii.
1297 3441 1387 3509 tono

261 3553 300 3619 nb
313 3549 530 3620 incarnatione
559 3547 688 3621 llomini
712 3547 882 3621 millesimo
907 3547 1088 3621 centesimo
1119 3552 1388 3643 quiuquagesimo

262 3677 375 3735 tereto.
