3420 5490
766 698 926 761 „54-

807 996 888 1057 XXV

513 1204 644 1276 Latran,
663 1200 703 1262 10
713 1201 846 1281 janvier
860 1199 892 1281 (d
906 1200 965 1264 des
981 1200 1066 1281 ides)
1079 1201 1170 1266 ttst.

285 1433 420 1487 anastase
430 1427 467 1483 tv
481 1426 616 1482 confirma
631 1443 666 1483 au
681 1426 807 1499 chapitrs
820 1426 856 1482 de
871 1425 1068 1484 sainte-crois
1083 1427 1110 1481 ts
1124 1425 1258 1482 donatiou
1281 1425 1347 1481 inite
1362 1443 1414 1499 par

321 1526 447 1598 l'evequs
464 1524 595 1581 Manassae
614 1523 649 1579 de
663 1523 708 1578 dix
731 1522 815 1578 liures
835 1539 885 1578 sur
908 1525 950 1579 tes
976 1522 1126 1595 oblatione,
1151 1538 1187 1578 en
1210 1523 1335 1594 &change
1363 1522 1414 1580 das

322 1638 442 1680 rotenus
454 1622 538 1678 d'une
553 1627 627 1678 terre
641 1638 676 1678 en
691 1623 866 1679 Pitlrivsrais.

377 1762 469 1834 (Orig.
486 1763 571 1818 Arch.
587 1762 743 1826 dulciret,
760 1761 794 1816 G.
811 1761 873 1816 tes.
891 1792 921 1803 -
947 1761 1032 1833 Cepis
1044 1760 1079 1816 tis
1095 1760 1205 1832 Balaam
1221 1777 1249 1834 p.
1264 1763 1323 1831 2⁴.)

327 1950 474 1994 tussrtstt
486 1950 525 1993 ΙΙΙΙ
543 1952 580 1994 DE
596 1950 694 1994 ntcstt
711 1950 805 1992 Ltttttts
821 1951 849 1993 ΙΝ
861 1950 965 1993 strant
982 1951 1018 1993 ΒΤ
1039 1950 1144 1994 csttcs
1158 1952 1372 1997 tenuctetnrttrts.

333 2128 520 2195 Anastasius
548 2123 735 2215 episcopus,
764 2144 875 2193 servus
899 2144 1064 2194 serrorum
1096 2122 1166 2207 troi,
1190 2123 1317 2196 ditectis
1341 2124 1415 2197 titiis

289 2239 480 2332 Siteptrano]
501 2239 624 2307 decano
644 2251 674 2306 et
705 2235 779 2307 aiiis
800 2235 966 2306 canonicis
993 2234 1230 2308 Aurelianensis
1251 2237 1413 2310 ecciesie¹

288 2354 471 2423 salutemet
489 2349 697 2442 apostoticam
719 2350 990 2420 benedictionem.
1007 2355 1106 2437 Quen
1126 2349 1275 2424 iratribus
1295 2351 1416 2425 nostris

289 2463 451 2558 episcopis
480 2464 662 2536 rationabili
692 2464 888 2557 providentia
919 2478 1103 2535 statuuntur
1133 2467 1165 2535 in
1199 2489 1257 2536 sua
1296 2469 1416 2539 debent

288 2574 463 2647 stabilitate
500 2574 685 2665 persistere,
724 2590 756 2647 ct
795 2597 834 2646 ne
861 2574 974 2646 suroris
1009 2574 1208 2668 temporibus
1234 2576 1415 2669 aliquorum

290 2687 468 2758 temeritate
499 2690 679 2771 turbentur,
714 2686 896 2779 Apostolice
926 2689 1020 2758 Sedis
1048 2687 1226 2759 munimine
1263 2689 1415 2760 contenit

289 2801 444 2873 roborari.
474 2799 646 2888 Quocirca,
686 2800 792 2875 ditecti
826 2801 857 2871 in
896 2799 1033 2872 Domino
1065 2800 1134 2886 titii,
1166 2802 1414 2875 concessionem

291 2918 403 2986 decem
424 2918 576 2986 librarum
604 2919 636 2985 in
650 2916 813 2985 oblatione
832 2914 940 2985 aitaris
958 2929 990 2985 ct
1002 2914 1125 3000 calicis,
1157 2939 1252 3006 quarn
1286 2940 1417 2989 venera·

292 3029 366 3102 bitis
400 3035 495 3100 trater
530 3043 640 3100 noster
676 3034 848 3109 donasses,
883 3028 1057 3121 episcopos
1086 3043 1201 3115 tester,
1239 3032 1327 3103 tobis
1358 3054 1416 3123 pro

292 3142 590 3234 recompensatione
624 3143 807 3213 reddituum
833 3142 919 3214 iliius
950 3157 1034 3214 terre
1067 3143 1154 3230 iecit,
1186 3168 1282 3235 qnam
1314 3143 1417 3236 ipsius

291 3277 454 3325 consensu
479 3254 510 3323 io
529 3278 610 3345 {rago
636 3254 823 3337 tarvenensi,
850 3269 912 3324 tam
934 3254 965 3324 in
985 3271 1104 3338 castro,
1125 3278 1220 3345 cruam
1237 3259 1325 3346 juxta
1345 3278 1418 3327 cas·

292 3381 391 3450 trum,
417 3365 519 3458 pretio
550 3380 680 3437 centum
702 3366 886 3436 libraruma
910 3365 1039 3437 Briteito
1049 3366 1188 3451 emistis,
1206 3370 1418 3457 quemadmo-

292 3484 368 3551 dum
390 3478 421 3550 in
442 3479 544 3571 ipsius
571 3478 677 3550 tratris
699 3479 797 3550 nostri
819 3479 940 3570 scripto
967 3479 1163 3564 continetur,
1192 3478 1283 3552 vonis
1310 3494 1341 3552 et
1360 3504 1419 3574 per

293 3618 350 3668 ros
375 3595 513 3666 ecclesie
542 3613 646 3664 vestre
679 3591 869 3664 auctoritate
896 3597 1074 3686 apostolica
1107 3596 1351 3681 confirmamus,
1383 3612 1416 3667 et

293 3707 539 3778 concessionem
554 3708 656 3798 ipsam
671 3709 785 3777 foturis
805 3705 1003 3798 temporibus
1025 3722 1124 3778 ratam
1142 3723 1173 3777 et
1194 3706 1416 3780 inconvulsam

293 3821 498 3893 decernimos
515 3842 714 3911 permanere.
750 3820 831 3891 rtutti
856 3843 932 3910 crgo
963 3821 1095 3890 omnino
1126 3823 1293 3892 trorrrimrm
1322 3821 1418 3893 liceat

294 3939 446 4027 prciatam
478 3934 724 4005 concessionem
756 3948 876 4004 temere
907 3936 1110 4025 perturbare,
1135 3957 1192 4005 seo
1218 3934 1417 4027 turritrustibet

293 4048 451 4121 molestiis
472 4048 615 4139 latigare.
639 4053 671 4120 Si
692 4052 766 4140 quis
785 4063 891 4119 autern
911 4045 940 4117 id
960 4062 1149 4140 attemptare
1171 4050 1417 4142 {rresrunpserim

293 4161 548 4254 indignationem
582 4164 812 4255 omnipotentis
832 4160 888 4232 nei
913 4177 944 4232 et
965 4164 1128 4232 beatorum
1160 4165 1244 4233 Petri
1276 4178 1308 4234 et
1330 4164 1416 4235 Paeti

292 4276 512 4367 apostotorum
526 4278 596 4366 ejus
616 4298 652 4347 se
665 4275 787 4345 noverit
808 4274 1025 4346 incursorum.
1051 4278 1166 4345 [iatum
1186 4276 1329 4346 Laterani
1362 4279 1414 4347 ΙΙΙΙ

294 4387 367 4460 idus
378 4387 530 4479 januarii.

296 4583 482 4592 ———---
491 4582 1418 4593 .-—----—--.—.----...—---.—---—.—-—-

330 4704 338 4738 ¹
359 4703 386 4758 tt
396 4703 516 4773 aarum
531 4700 567 4755 de
581 4701 674 4755 meane
692 4700 763 4755 dans
778 4704 854 4754 toute
869 4700 896 4755 ia
912 4699 999 4754 butte.
