3420 5490
800 1040 889 1101 CCXI

811 1309 891 1372 tacu

286 1567 452 1638 aspromont
466 1572 547 1623 entre
558 1566 693 1639 l'drdque,
709 1567 736 1622 lo
748 1563 837 1636 dopen
851 1570 878 1619 et
890 1564 930 1619 les
944 1561 1131 1619 archidlacrss
1154 1578 1225 1637 pour
1248 1561 1274 1618 lc
1297 1570 1412 1639 partaps

373 1664 424 1719 des
441 1662 575 1721 amendes
588 1669 615 1719 et
629 1666 724 1717 autres
738 1675 857 1715 ravenue
871 1659 907 1715 do
916 1659 1079 1730 juridiction
1093 1658 1314 1731 ecclesiastique.

474 1806 570 1879 (Copia
586 1804 705 1865 vidlmde
718 1802 822 1876 ttttttt).
837 1802 921 1859 Arch.
937 1801 976 1858 du
991 1802 1083 1859 Loiret
1098 1801 1132 1857 G.
1148 1800 1225 1873 ⁴83.)

334 2021 513 2115 Philippus,
533 2020 589 2092 Dei
602 2018 707 2112 gracia
722 2017 961 2090 Aurelianensis
975 2016 1163 2109 episcopus,
1177 2015 1330 2088 omuibus
1342 2040 1414 2109 pre·

289 2149 400 2209 sentes
416 2134 539 2209 litteras
564 2133 761 2225 inspecturis
780 2134 916 2203 salutern
937 2131 968 2200 in
988 2130 1138 2203 Domino.
1160 2132 1313 2205 Norerint
1340 2132 1414 2203 uui·

290 2250 371 2322 tersi
387 2251 472 2341 quod
485 2249 524 2319 dc
539 2269 702 2317 consensu
723 2242 961 2317 Aurelianensis
975 2243 1104 2337 capituli
1121 2242 1204 2315 inter
1219 2268 1289 2332 sos,
1302 2268 1413 2317 crana

290 2378 391 2455 parte,
423 2378 456 2433 ct
488 2365 647 2432 decanum
671 2375 703 2431 et
732 2374 858 2431 ceteros
894 2358 1137 2432 archidiaconos
1174 2358 1413 2432 Aurelianensis

289 2477 439 2567 ecclesie,
461 2498 498 2546 es
514 2477 626 2555 altera,
650 2496 747 2564 super
767 2472 974 2567 proventibus
990 2469 1224 2563 jurisdictionis
1242 2472 1414 2545 ccclesias·

290 2584 352 2658 ticc
385 2585 583 2677 composicio
616 2587 648 2657 iu
688 2599 876 2675 perpetuum
907 2582 1038 2654 valitura
1071 2581 1255 2657 intercessit
1275 2582 1307 2655 in
1322 2588 1410 2656 hunc

290 2701 422 2776 niodum
466 2696 614 2771 videlicet
650 2699 735 2790 quod
761 2694 867 2767 omnis
907 2698 1044 2768 emenda
1073 2694 1244 2788 omnisque
1275 2719 1414 2788 procerr-

290 2827 344 2891 tus
370 2813 645 2910 qualitercumque
671 2810 850 2904 provenerit
882 2812 922 2883 ad
957 2808 1202 2883 archidiaconos
1242 2814 1291 2885 vel
1323 2836 1413 2885 ruan-

290 2924 400 2997 daturn
446 2921 588 3015 ipsorurn
656 2923 843 2995 corundern
887 2922 947 2994 erit
980 2919 1011 2992 in
1060 2923 1199 2997 sothton
1242 2938 1275 2995 et
1312 2922 1412 2997 nichil

291 3038 423 3111 onrnino
438 3037 554 3133 poterit
572 3039 605 3110 in
618 3037 666 3111 eis
684 3039 859 3131 episcopus
879 3040 1063 3111 reclamare.
1081 3041 1115 3112 ln
1134 3036 1198 3111 illis
1213 3062 1288 3112 sero
1304 3041 1413 3117 onini-

292 3158 353 3229 lrus
370 3177 433 3253 quc
452 3156 492 3226 ad
511 3154 699 3251 episcopum
731 3159 779 3227 rel
801 3157 872 3246 ejus
905 3156 1089 3227 mandatura
1111 3157 1158 3227 rel
1178 3158 1217 3229 ad
1237 3154 1335 3228 aliuru
1357 3178 1414 3249 per

292 3273 383 3364 ipsos
396 3267 568 3342 occasione
579 3268 686 3341 delicti
698 3273 744 3340 rel
755 3270 1182 3362 amendequalitercuniqnc
1193 3270 1412 3362 prouenerint,

292 3383 509 3457 archidiaconi
531 3386 737 3457 nrcdietatem
757 3384 933 3467 habebunt,
954 3381 1034 3456 intra
1057 3406 1203 3457 menscrn
1229 3399 1414 3478 utcmporu

294 3497 487 3595 receptionis
507 3498 567 3569 sibi
588 3499 844 3590 persolvendam.
877 3499 922 3569 At
948 3499 1031 3570 hona
1057 3512 1164 3573 autern
1189 3497 1415 3571 intestatorum

294 3633 358 3697 non
375 3610 490 3703 poterit
508 3611 682 3704 episcopus
704 3614 751 3683 vel
776 3612 847 3702 ejus
865 3612 1049 3688 mandatum
1070 3633 1201 3682 manum
1227 3614 1414 3696 estendere,

294 3725 351 3794 sed
404 3723 622 3797 archidiaconi
682 3737 803 3794 tantum
876 3727 924 3795 vet
973 3726 1158 3798 mandatum
1213 3727 1415 3797 eorumdem.

295 3837 475 3928 Episcopus
503 3854 624 3921 autern,
645 3840 702 3909 scd
735 3860 799 3910 non
821 3838 979 3921 officialis,
1009 3842 1050 3910 de
1084 3839 1232 3911 emendis
1256 3861 1320 3931 quc
1358 3860 1417 3931 per

294 3951 415 4026 curiam
447 3974 538 4025 suant
567 3954 698 4023 levando
729 3956 847 4027 luerint
877 3952 992 4045 poterit
1012 3967 1132 4045 partun
1158 3954 1329 4027 reuriotcre
1367 3956 1417 4027 rel

295 4065 396 4138 ceiam
434 4080 548 4159 toturn,
570 4063 597 4137 si
613 4080 719 4139 tarncn
743 4068 805 4139 lroc
831 4065 892 4143 sihi
922 4068 1081 4141 videbitur
1106 4068 1301 4151 laciendum,
1332 4072 1418 4142 hona

297 4181 370 4271 lille,
393 4201 457 4257 non
478 4194 513 4253 ut
528 4177 825 4253 archidiaconorum
846 4180 1001 4257 diminuat
1021 4185 1226 4272 portionem
1249 4184 1312 4253 troc
1331 4180 1419 4259 idern

296 4295 410 4363 eudern
432 4293 528 4362 inodo
555 4307 704 4385 poterunt
724 4307 947 4383 procuratores
969 4292 1110 4386 episcopi
1140 4296 1257 4375 lacere,
1289 4296 1420 4385 quaudo

296 4406 571 4478 eosconstituerit
598 4407 670 4499 ‹pria
704 4406 745 4478 sit
775 4409 904 4497 longius
935 4411 1115 4479 adiuturus.
1148 4406 1181 4477 Si
1206 4409 1338 4497 quaudo
1363 4430 1422 4501 per

297 4521 486 4613 episcoprnn
507 4524 555 4593 vel
575 4525 645 4612 ejus
665 4524 849 4592 mandatum
871 4524 932 4591 lata
949 4521 1041 4593 luerit
1053 4519 1213 4593 interdicti
1229 4523 1278 4592 sel
1291 4538 1619 4593 escunt-⁴⁶*-

300 4635 526 4707 rnunicationis
541 4635 701 4707 sententia
720 4635 753 4704 in
772 4635 925 4725 aliqueru,
942 4647 975 4706 ct
1003 4637 1109 4708 delata
1128 4638 1225 4707 luerit
1252 4658 1351 4707 causa
1379 4612 1619 4705 affl
