3420 5490
764 729 801 741 -
823 693 943 758 did-r

290 822 393 904 Gauii,
430 821 580 892 uidelicet
612 822 706 890 talem
749 822 939 891 redditum:
983 818 1014 889 in
1055 818 1197 891 crastino
1234 823 1415 897 Natiuitatis

291 933 417 1005 Domini
435 931 641 1023 quadraginta
674 932 777 1001 minas
807 947 840 1002 et
865 931 1030 1003 dimidiam
1060 931 1149 1003 ordei
1169 935 1208 1003 ad
1229 933 1350 1006 minam
1376 939 1417 1010 dc

290 1045 369 1115 vitta
387 1045 488 1127 Gardi,
504 1044 612 1134 uiginti
629 1059 662 1114 ct
674 1058 797 1135 septem
807 1046 955 1134 gallinas,
972 1043 1081 1134 uiginti
1094 1057 1127 1115 et
1146 1060 1270 1136 septem
1282 1049 1415 1132 oblitas,

291 1157 401 1247 uiginti
414 1170 446 1227 et
474 1170 598 1246 septem
632 1155 781 1227 denarios
813 1158 976 1226 Dunensis
1008 1171 1164 1241 monete;
1204 1160 1237 1228 in
1271 1164 1416 1233 crastino

291 1267 547 1340 Resurrectionis
578 1269 706 1338 Domini
732 1280 797 1337 tres
824 1268 946 1338 solidos
977 1281 1010 1338 et
1045 1282 1183 1359 quatuor
1208 1273 1358 1344 denarios
1383 1289 1416 1345 et

291 1384 420 1452 oboltum
442 1379 603 1452 Dunensis
628 1395 783 1465 monetc;
805 1383 838 1450 in
866 1381 918 1452 dio
954 1381 1164 1454 decessionis
1191 1383 1318 1455 Domini
1334 1387 1416 1458 duas

288 1510 395 1589 partes
412 1494 565 1567 tredecim
587 1519 702 1586 panum
723 1509 756 1567 et
770 1494 880 1567 dimidi
892 1495 915 1578 i;
931 1509 963 1568 et
976 1498 1017 1568 de
1030 1498 1116 1570 dicta
1137 1500 1274 1589 pecunie
1287 1523 1415 1573 summa

292 1612 398 1683 dictus
420 1614 578 1682 itubertus
609 1632 717 1681 coram
744 1612 841 1681 notis
861 1634 897 1682 se
924 1613 1027 1683 tenuit
1059 1611 1183 1703 integre
1208 1629 1414 1707 propagato.

293 1731 379 1797 iianc
399 1739 504 1796 autem
525 1723 743 1796 uenditionem
768 1724 919 1814 promisit
944 1725 1030 1796 idem
1052 1728 1263 1800 iiubertusse
1278 1729 1417 1820 garanti-

292 1856 397 1911 turum
418 1854 528 1911 contra
544 1863 658 1911 omnes
673 1843 712 1909 ad
733 1862 812 1909 usus
832 1852 864 1910 et
878 1839 1136 1912 consuetudines
1156 1842 1416 1927 Aurelianenses‚

294 1957 405 2026 fideair
426 1955 495 2046 ipso
510 1957 649 2024 iiuberto
664 1954 695 2022 iu
714 1976 810 2024 manu
829 1968 937 2024 nostra
958 1976 1056 2046 super
1076 1958 1137 2026 troc
1157 1956 1287 2047 prestita
1303 1980 1417 2050 corpo·

293 2067 362 2150 raii,
397 2080 430 2139 et
461 2070 546 2158 qrrod
577 2091 636 2138 nec
667 2090 725 2157 per
755 2090 790 2137 se
818 2089 878 2138 nec
894 2089 950 2158 per
968 2067 1065 2139 aiium
1087 2068 1195 2142 uenire
1215 2070 1417 2163 aliquatenus

295 2181 508 2271 attemptubit.
530 2182 762 2252 vendicionem
806 2202 880 2251 uero
913 2180 1105 2269 premissam
1147 2186 1414 2256 drchemhaudus

293 2295 386 2365 niiics
411 2308 442 2364 ct
467 2294 619 2385 magister
640 2295 831 2364 ttuiiieirnus
857 2294 999 2380 nubatis,
1020 2294 1171 2381 ciericos,
1203 2299 1319 2369 iratres
1339 2297 1415 2370 dicti

294 2410 438 2487 liuberti,
476 2410 654 2487 iniierunt,
688 2409 895 2479 laudaverunt
933 2431 1040 2478 coram
1072 2408 1167 2480 nobis
1194 2423 1227 2481 et
1263 2410 1417 2503 quicquid

288 2522 370 2611 juris
386 2522 546 2591 irabcitant
563 2524 611 2591 uei
632 2523 749 2591 habere
765 2534 911 2611 poterant
925 2520 956 2591 in
977 2521 1073 2594 dictis
1091 2525 1187 2593 rebus
1201 2523 1341 2595 uenditis
1361 2547 1419 2616 per

292 2637 386 2705 sudem
407 2658 497 2705 snam
519 2634 549 2702 in
576 2656 670 2703 manu
704 2647 814 2703 nostra
835 2633 1001 2724 prestitam
1033 2634 1227 2725 supradictis
1244 2638 1366 2708 decano
1386 2652 1419 2708 et

291 2749 431 2836 capituto
457 2750 488 2815 in
523 2759 713 2836 perpetuum
745 2745 961 2834 quitaverunt,
996 2747 1220 2837 promittentes
1248 2771 1305 2838 per
1330 2751 1419 2822 dicte

291 2858 364 2929 iidei
384 2859 545 2929 dationem
571 2881 606 2928 se
634 2871 744 2926 contra
774 2857 949 2947 predictam
980 2856 1198 2929 uenditionem
1219 2859 1420 2951 etquitatio·

291 2995 364 3042 nem
379 2995 435 3061 per
454 2994 490 3041 se
518 2972 564 3040 uei
587 2993 643 3060 por
669 2972 771 3039 aliurn
800 2971 950 3040 decetcro
971 2993 1035 3040 uon
1053 2984 1217 3041 uenturos.
1235 2975 1419 3063 Stephanus

291 3108 366 3155 uero
386 3085 655 3175 despesonuiiia,
677 3081 827 3172 armiger,
857 3080 909 3172 qui
931 3107 966 3154 sc
993 3082 1072 3154 dicit
1098 3088 1236 3175 primum
1251 3085 1417 3158 domiuum

293 3198 374 3268 ieodi
403 3197 560 3267 dictarum
595 3219 700 3266 rerum
735 3194 949 3279 uenditarum,
987 3197 1163 3288 predictam
1202 3197 1419 3271 uenditionem

293 3310 404 3392 cointii,
441 3310 577 3380 iaudarit
609 3324 640 3379 et
669 3308 832 3380 concessit
865 3333 973 3380 coram
1010 3311 1117 3391 nobis,
1139 3310 1331 3401 promittens
1358 3315 1421 3384 iude

293 3426 423 3514 prestita
445 3422 475 3492 in
496 3447 591 3493 manu
609 3437 717 3494 nostra
733 3425 818 3513 qrrod
842 3446 903 3495 nec
923 3446 978 3514 per
993 3447 1030 3495 se
1044 3446 1104 3495 uec
1118 3446 1175 3516 per
1193 3423 1290 3495 alium
1311 3424 1420 3498 uenire

290 3551 401 3609 contra
430 3538 632 3628 aliquatenus
663 3537 879 3628 attemptabit‚
912 3540 1023 3609 rolens
1051 3536 1147 3610 ctiam
1176 3554 1209 3611 et
1235 3542 1421 3613 concedens

292 3652 376 3723 idem
393 3655 575 3743 Stephanus
587 3655 672 3742 qrrod
684 3652 820 3723 ecetesia
834 3652 1072 3724 Aurelianensis
1091 3655 1254 3745 predictas
1272 3676 1325 3725 res
1344 3677 1421 3727 ren·

291 3767 375 3838 ditas
395 3778 515 3847 teneat,
545 3767 659 3836 habeat
681 3779 713 3836 ct
743 3768 906 3856 possideat
936 3765 968 3835 in
990 3789 1086 3836 manu
1108 3779 1233 3838 mortua
1253 3769 1287 3838 in
1307 3790 1421 3861 perpe-

293 3893 381 3949 tuum
398 3878 544 3950 iiberect
561 3878 681 3969 quiete.
702 3885 833 3962 i'erum,
865 3903 938 3951 cnm
965 3881 1130 3970 predictus
1164 3885 1325 3953 iiubertus
1347 3906 1421 3954 cou-

292 3997 398 4063 iessus
441 3995 535 4063 tuerit
569 4016 676 4062 coram
707 3995 801 4064 nobis
832 3995 918 4082 quod
949 3993 1036 4065 dicte
1068 4017 1121 4064 res
1155 3997 1283 4066 uendite
1317 3995 1421 4086 primo

293 4109 364 4176 ioco
391 4119 520 4176 movent
557 4109 597 4175 de
634 4108 728 4176 ieodo
764 4106 839 4176 dicti
876 4107 1042 4197 Stephani,
1081 4110 1227 4179 secundo
1266 4111 1337 4178 ioco
1380 4111 1421 4180 de

293 4220 387 4287 ieodo
429 4218 558 4286 domino
584 4217 739 4286 iteatricis
763 4220 803 4287 de
828 4223 946 4287 Sancto
971 4221 1129 4300 timendo,
1162 4218 1263 4289 tercio
1278 4221 1350 4288 ioco
1378 4222 1419 4291 de

294 4333 386 4399 ieodo
411 4331 535 4398 Odonis
558 4329 686 4399 Borreiii
708 4333 747 4400 de
768 4331 859 4399 Curia
881 4331 982 4413 niani,
1008 4332 1134 4413 militis,
1159 4345 1191 4402 et
1211 4343 1324 4423 quarto
1346 4335 1419 4404 ioco

284 4444 332 4513 de
348 4445 441 4513 feodo
459 4441 576 4512 noiriiis
594 4442 647 4511 uiri
669 4441 810 4514 Gauiridi
832 4442 1029 4515 vicecomitis
1053 4443 1248 4528 Castriduni‚
1271 4445 1419 4538 promisit

292 4557 378 4627 iiem
403 4560 574 4642 iiubertus,
610 4581 665 4648 pcr
691 4560 785 4628 sudem
818 4581 908 4628 suam
940 4557 971 4628 in
992 4582 1088 4628 manu
1109 4573 1216 4630 nostra
1237 4560 1416 4651 prestitam,

293 4675 426 4762 quodsi
457 4672 529 4762 quis
564 4673 645 4742 aiios
681 4671 783 4743 dictas
820 4675 941 4744 resve!
967 4687 1089 4764 partem
1117 4675 1275 4745 dictarum
1310 4696 1417 4747 rerum
