3420 5490
786 1102 910 1164 CXXIX

705 1397 901 1479 Septembre
912 1398 987 1462 teet

289 1649 413 1719 tlugues,
438 1648 543 1720 eveqoe
558 1647 715 1716 d'0rtenns,
731 1646 832 1704 choistt
854 1649 895 1703 les
908 1664 1028 1705 revenns
1052 1647 1088 1703 do
1102 1647 1161 1704 Bou
1176 1652 1204 1704 et
1224 1645 1263 1703 dn
1289 1646 1410 1719 Trepop,

323 1744 440 1799 taissant
454 1760 490 1799 au
506 1743 632 1816 chapitre
647 1759 719 1816 pour
731 1743 942 1800 i'anniuersaire
956 1744 991 1798 de
1003 1759 1056 1799 son
1070 1743 1273 1815 predecesseur
1286 1742 1313 1798 ln
1324 1742 1413 1812 iouis·

323 1856 408 1895 sance
422 1839 457 1895 de
468 1839 504 1896 20
518 1839 602 1896 liures
616 1856 666 1895 sur
681 1840 721 1895 tes
735 1837 833 1895 oboles
847 1838 882 1894 de
896 1840 1057 1896 Penteoute.
1103 1888 1104 1891 ,

357 1987 446 2058 (Orio.
461 2004 485 2045 s.
502 1987 597 2060 perch.
614 1987 700 2043 Aroh.
717 1986 756 2042 du
769 1986 874 2057 Loiret,
887 1987 921 2044 G.
936 1985 1010 2056 ³853
1026 1986 1152 2044 mention
1166 1985 1337 2060 Scriptum).

337 2207 439 2295 ttuge,
456 2201 513 2276 Dei
530 2201 630 2296 gratia
650 2203 888 2276 Auretianensis
907 2201 1094 2296 episcopus,
1114 2201 1266 2274 omnibus
1281 2221 1414 2294 presen-

294 2332 354 2390 tem
377 2322 526 2410 paginam
547 2318 731 2390 ridentibus
751 2321 885 2391 satutem
905 2319 938 2389 in
966 2317 1116 2389 Domino.
1138 2320 1217 2389 Cum
1238 2315 1289 2410 pie
1308 2337 1415 2389 recor·

291 2435 428 2508 dationis
444 2436 635 2508 uenerabilis
657 2450 745 2528 pater
769 2460 806 2508 ae
828 2439 967 2508 domnus
988 2434 1156 2521 ttenricus,
1178 2432 1414 2507 Aurelianensis

290 2552 474 2645 episcopus,
489 2552 520 2623 in
534 2554 711 2624 remedium
726 2552 833 2624 anime
846 2575 905 2623 sue
917 2550 1057 2623 ecclesie
1072 2549 1292 2622 Aurelianensi
1310 2553 1362 2620 XX
1375 2549 1416 2619 Ιί·

291 2666 361 2736 bras
382 2663 608 2757 parisiensium
624 2663 855 2749 concessisset,
878 2661 1122 2753 eunissingulis
1142 2665 1175 2732 in
1193 2661 1414 2733 anniversario

290 2800 347 2849 sue
371 2776 609 2869 distribuendas
629 2799 726 2868 super
746 2775 818 2848 ilios
845 2775 991 2847 redditus
1010 2798 1094 2865 ques
1113 2777 1153 2845 ab
1167 2777 1294 2858 Otlune,
1316 2772 1417 2845 milite

290 2893 328 2964 de
342 2896 465 2984 ttuppe,
486 2906 518 2963 et
534 2895 638 2975 Petro,
661 2890 762 2962 milite
785 2893 825 2961 de
845 2893 949 2974 Bulla,
970 2902 1092 2960 emerat
1116 2890 1199 2979 aprus!
1227 2889 1365 2971 Bellum,
1384 2905 1418 2959 et

294 3030 389 3100 super
409 3019 509 3078 terras
525 3007 665 3077 arabites
680 3029 760 3097 utras
780 3003 930 3077 similiter
949 3017 1071 3077 eruerat
1090 3027 1106 3074 a
1124 3005 1243 3094 majore
1264 3001 1414 3095 Strepeti,

293 3120 371 3215 ipsis
401 3120 512 3213 uiginti
532 3120 630 3192 libras
650 3120 842 3213 assignans3
868 3143 928 3193 suo
947 3133 1053 3191 tamen
1075 3118 1258 3191 successori
1290 3117 1417 3211 reliquit

293 3236 452 3330 optionem
473 3239 572 3327 qued,
595 3235 621 3307 si
639 3239 746 3308 mallet
766 3233 855 3329 ipsus
868 3234 1012 3308 redditus
1031 3237 1116 3327 apud
1136 3236 1276 3320 Rullum,
1294 3247 1327 3307 et
1346 3256 1417 3327 pre·

294 3353 393 3423 dietas
413 3365 514 3422 terras
539 3350 677 3422 arabites
697 3353 825 3437 trabere,
855 3352 960 3422 eidem
992 3347 1046 3440 qui
1066 3373 1124 3441 pro
1144 3362 1288 3441 tempore
1307 3371 1418 3422 sucee-

295 3467 380 3538 tieret
407 3463 517 3536 liceret
531 3464 684 3555 episcopo
704 3468 755 3535 XX
780 3464 876 3535 tibras
896 3463 1098 3556 supradictas
1119 3465 1153 3535 iu
1174 3464 1317 3536 denariis
1336 3464 1416 3535 obe·

295 3580 394 3649 turum
410 3582 618 3649 t‘cntecestos
633 3575 851 3648 Aurelianensi
865 3576 1005 3668 capituto
1016 3576 1195 3668 assignare.
1215 3580 1280 3649 Nus
1295 3575 1415 3670 itaque,

295 3692 346 3783 qui
361 3704 537 3763 memorate
553 3693 637 3761 bone
648 3693 803 3762 memorie
816 3691 980 3784 H[enricol
994 3689 1160 3782 episeopo,
1180 3691 1256 3762 iicet
1280 3689 1417 3782 indigni,

295 3805 325 3875 in
359 3802 539 3875 ministeriu
574 3802 744 3894 pontificati
778 3801 1014 3888 successimus,
1051 3802 1236 3894 sepedictus
1273 3803 1418 3875 redditus

294 3921 375 4009 apud
414 3919 542 3988 ttutturu
575 3931 608 3988 et
635 3931 735 3988 terras
778 3920 862 4008 apud
894 3923 1080 4010 Strepetum
1119 3919 1257 3990 arabites
1294 3920 1412 3991 habere

296 4029 525 4121 preetigentes,·
552 4028 771 4101 Aurelianensi
805 4028 944 4102 ecclesie
975 4035 1027 4101 XX
1061 4029 1160 4101 libras
1198 4028 1231 4100 in
1261 4025 1418 4122 jamdicto

295 4144 511 4215 anniuersario
536 4142 775 4216 distribuendas
806 4167 904 4235 super
930 4143 1080 4216 denarios
1103 4147 1272 4216 obuiorum
1304 4144 1358 4235 qui
1385 4145 1417 4215 in

297 4260 483 4331 Pentecoste
498 4261 665 4329 solvuntur
677 4257 924 4349 assignavimus,
935 4259 1006 4330 sine
1019 4256 1275 4330 contradictione
1292 4271 1326 4330 et
1339 4257 1419 4329 diia-

297 4372 380 4444 tiuoe
398 4375 565 4443 annuatim
584 4370 757 4463 ecapituio
777 4371 992 4465 recipiendas.
1014 4375 1107 4459 Quod
1129 4386 1164 4444 ut
1183 4385 1336 4466 perpetua
1354 4386 1419 4445 sta-

297 4487 414 4558 bilitate
445 4499 639 4579 perseveret,
670 4508 807 4578 presens
835 4486 990 4579 seriptum
1023 4486 1124 4558 nestri
1159 4487 1297 4560 fecimus
1322 4485 1419 4580 sigilii

298 4600 474 4673 munimine
493 4601 647 4673 reborari.
660 4604 773 4673 torum
793 4625 878 4674 annu
893 4602 994 4694 gratie
1019 4607 1044 4674 rt
1061 4603 1286 4676 ducentesimo
1302 4602 1419 4696 prime,

299 4738 409 4789 mense
426 4714 612 4809 septembri.
