3420 5490
764 715 941 782 -ttt-

287 860 320 918 et
349 842 481 936 siquod
509 844 593 914 aliud
616 847 669 935 jos
696 843 727 915 in
755 842 906 916 omuibus
936 842 1031 918 dictis
1056 843 1191 916 decimis
1218 846 1356 917 habebat
1383 827 1422 917 et

290 962 407 1029 lrabcre
422 972 558 1049 poterat,
578 956 673 1028 dictis
687 960 809 1028 decano
825 971 856 1028 et
875 957 1015 1049 capitulo
1028 957 1160 1049 quitavit
1174 959 1207 1029 in
1224 973 1414 1050 perpetuum

288 1085 319 1143 et
339 1071 471 1142 dimisit.
490 1070 601 1141 Dictus
616 1095 689 1142 vcro
711 1071 899 1141 Guillelmus
926 1070 1064 1153 lodoiui,
1085 1095 1195 1162 aquo,
1217 1086 1252 1142 ut
1288 1071 1415 1145 dicebat

288 1185 373 1255 idem
387 1186 575 1255 Guillelrnus
592 1187 737 1265 lodoioi,
751 1185 893 1274 predicte
912 1207 1026 1255 omnes
1041 1207 1170 1256 sorores
1183 1207 1240 1256 sue
1260 1198 1293 1255 et
1309 1186 1415 1256 dietus

290 1298 420 1368 Colinus
441 1311 540 1368 ratam
559 1321 650 1369 suarn
670 1321 707 1369 cv
733 1296 828 1367 dictis
856 1295 993 1368 decimis
1023 1295 1183 1369 venditam
1208 1300 1360 1369 tenebant
1383 1296 1414 1368 in

290 1415 432 1494 leoduni,
450 1413 568 1484 dictnrn
590 1411 840 1483 venditionema
861 1410 957 1482 dietis
979 1409 1145 1483 sororibus
1177 1413 1249 1482 suis
1277 1425 1310 1484 et
1329 1410 1416 1484 dicto

292 1527 404 1599 Colino
418 1531 533 1599 lactarn
548 1530 648 1599 voluit
663 1540 695 1598 et
708 1525 846 1598 laudavit
859 1540 891 1598 et
911 1539 1013 1598 totum
1029 1527 1158 1598 lendum
1171 1549 1265 1598 suurn
1277 1536 1417 1599 arnmot·

291 1642 433 1726 tilrcavit,
455 1656 485 1714 ct
497 1641 660 1715 concessit
679 1643 765 1733 quod
785 1640 888 1712 dictas
908 1642 1052 1713 decimas
1080 1664 1196 1713 omnes
1226 1653 1357 1713 teneant
1384 1654 1417 1714 et

293 1756 477 1847 possideant
499 1756 530 1825 in
551 1779 647 1826 manu
669 1769 792 1827 mortua
813 1757 964 1827 deectern
980 1753 1055 1826 dicti
1076 1756 1219 1827 decanus
1238 1768 1270 1828 et
1293 1755 1417 1847 capitu·
1480 1808 1484 1815 -

292 1875 356 1942 lnrn
386 1871 486 1943 libere
513 1885 544 1943 et
568 1871 687 1964 quiete.
719 1869 939 1941 Promiserunt
973 1871 1105 1962 insuper
1137 1869 1271 1964 predicti
1303 1894 1418 1942 cornea

292 1986 489 2069 venditores,
528 1997 633 2057 etc...
687 1986 785 2056 immo
828 1987 1057 2075 promiserunt,
1100 1995 1206 2056 etc...
1270 1988 1417 2057 l’reterea

293 2101 509 2192 promiserunt
546 2098 622 2169 dicti
661 2101 806 2169 llerveus
834 2110 866 2167 et
902 2100 997 2168 lrater
1033 2099 1103 2188 ejus
1146 2100 1231 2188 quod
1268 2120 1418 2190 procura·

292 2217 373 2283 lvunt
401 2227 432 2281 ct
451 2212 592 2281 elsrcient
622 2233 695 2300 erga
718 2210 823 2280 dirtos
842 2212 1040 2299 Steplrannnr
1060 2223 1093 2280 ct
1118 2208 1314 2301 Philippum,
1336 2232 1418 2301 quoa

294 2327 429 2394 lralrelrat
451 2323 481 2392 in
499 2325 582 2392 ballo
597 2346 657 2393 suo
673 2321 756 2392 idem
779 2326 932 2404 llerveus,
951 2321 1136 2403 ntdicelrat,
1153 2345 1226 2393 cnut
1240 2324 1279 2393 arl
1300 2335 1417 2393 ctatern

294 2437 402 2529 viginti
424 2441 566 2527 utrinque
582 2459 738 2507 annorum
760 2437 962 2516 devenerint,
979 2438 1065 2525 quod
1086 2437 1189 2508 dictas
1216 2434 1417 2508 venditiones

293 2567 377 2623 ratas
395 2555 557 2623 lrnbclrunt
578 2574 685 2621 corarn
707 2549 801 2621 violis
822 2552 869 2621 vel
885 2550 1055 2621 oldcialcnr
1072 2551 1333 2622 Aurelianenscrn
1363 2551 1418 2643 qui

297 2690 352 2758 pro
373 2679 517 2757 tempore
537 2664 644 2745 luerit,
666 2677 697 2733 et
718 2676 883 2753 acceptas,
900 2676 931 2733 et
962 2665 1047 2754 qnod
1068 2662 1172 2754 aliqua
1202 2661 1330 2735 racione
1353 2688 1416 2736 non

293 2780 422 2851 venient
438 2794 547 2849 eontra
569 2776 687 2868 aliquid
702 2781 741 2848 de
763 2777 928 2869 predictis,
945 2790 976 2848 et
997 2780 1082 2867 «prod
1104 2777 1135 2847 in
1150 2776 1302 2849 omnibus
1322 2777 1418 2850 dictis

292 2893 428 2966 decimis
448 2893 544 2964 niclril
567 2917 622 2984 per
642 2917 678 2964 se
694 2897 741 2963 vel
763 2893 928 2984 peralium
949 2895 1182 2977 reclamabunt,
1198 2917 1254 2985 per
1272 2896 1366 2966 fidem
1380 2898 1419 2966 alr

293 3008 371 3100 ipsis
391 3009 535 3099 l’lrilippo
549 3022 580 3078 et
596 3012 758 3099 Steplrnno
777 3030 874 3098 svrper
893 3009 956 3079 lroc
977 3023 1052 3078 tunc
1072 3010 1288 3099 prestandum.
1310 3011 1347 3079 Et
1362 3033 1419 3100 pro

294 3125 357 3193 lviis
371 3125 523 3194 omuilrus
542 3135 573 3194 et
589 3120 725 3212 singulis
741 3120 893 3212 predictis
923 3121 1072 3193 tenendis
1103 3120 1134 3191 in
1173 3137 1363 3214 perpetuum
1387 3138 1420 3195 ct

294 3237 476 3329 implendis,
496 3252 528 3308 et
551 3240 591 3308 de
614 3261 679 3307 non
712 3236 869 3308 veniendo
889 3253 1001 3308 contra
1036 3237 1157 3328 aliquid
1196 3241 1237 3309 de
1266 3236 1419 3329 predictis

294 3351 368 3421 dieti
402 3353 546 3433 Cotinos,
586 3350 773 3420 Guitlelrnus
792 3349 919 3420 tedoini
954 3365 985 3421 et
1007 3363 1108 3421 rnater
1133 3365 1164 3422 et
1186 3373 1316 3422 sorores
1334 3353 1418 3441 ejus,

294 3465 535 3535 Gnillelmusde
555 3468 666 3546 l'onte,
690 3467 857 3545 ‚lohannes
893 3461 1034 3544 lodoini,
1067 3466 1192 3548 Petrus,
1224 3487 1302 3534 uror
1334 3467 1417 3553 ejus,

295 3581 433 3648 llcrveus
454 3593 485 3649 et
506 3582 601 3647 trater
620 3579 691 3665 ejus
714 3578 810 3646 lidum
831 3598 921 3645 suam
937 3577 969 3644 in
986 3598 1082 3646 manu
1101 3574 1177 3646 dicti
1208 3575 1317 3647 lacnlri
1349 3599 1419 3647 cor·

293 3691 442 3780 poralitcr
461 3689 683 3778 prestiterunt,
699 3701 730 3758 ct
753 3687 830 3757 dicti
849 3687 1014 3776 l‘lrilippus
1041 3700 1074 3757 et
1096 3690 1279 3776 Stephanus
1309 3709 1418 3757 corarn

291 3806 405 3875 eodeni
423 3805 542 3872 lacobo
564 3801 769 3892 prestiterunt
784 3822 881 3890 super
898 3813 1008 3870 sancta
1035 3798 1089 3870 [lei
1128 3798 1296 3890 Evangelia
1313 3822 1420 3871 sacra-

293 3930 449 3987 mentum.
472 3918 548 3985 ltern
566 3939 622 4006 pro
643 3914 705 3984 lviis
718 3913 869 3984 omnibus
883 3924 915 3984 et
928 3912 1066 4004 singulis
1082 3911 1238 4004 predictis
1269 3913 1419 3985 tenendis

293 4037 326 4103 iu
346 4045 536 4124 perpetuurn
556 4043 587 4100 et
603 4029 776 4121 implendis
799 4027 874 4100 dicti
898 4027 1092 4110 venditores,
1129 4043 1193 4099 tant
1235 4026 1292 4098 viri
1323 4052 1420 4120 quarn

294 4146 457 4229 rnulicrcs,
475 4160 506 4216 et
527 4148 606 4215 dicti
622 4149 804 4215 llerveuset
835 4148 931 4214 trater
957 4145 1027 4233 ejus
1059 4142 1154 4213 dictis
1181 4145 1243 4215 nde
1281 4156 1314 4216 et
1336 4146 1420 4235 jura-

295 4275 403 4331 rnento
420 4284 455 4330 se
470 4275 501 4329 et
521 4282 635 4329 omnes
656 4261 791 4329 lveredcs
804 4270 836 4328 et
852 4280 1061 4328 successores
1072 4280 1150 4328 suos
1165 4271 1197 4328 ct
1217 4256 1323 4328 emnia
1337 4260 1419 4330 lvona

293 4398 350 4446 sua
365 4388 396 4445 et
416 4375 569 4443 lveredurn
583 4387 614 4443 et
635 4394 861 4442 successorum
882 4395 1014 4443 suorum
1035 4369 1164 4444 rnobilia
1183 4384 1216 4443 et
1228 4369 1417 4460 immobilia,

295 4490 454 4585 presentia
469 4503 500 4561 et
520 4494 624 4559 lutura
645 4485 832 4559 memoratis
853 4491 978 4561 decano
1005 4502 1038 4561 et
1067 4489 1208 4580 capitulo
1237 4487 1420 4581 specialiter

293 4606 475 4699 obligarunt
494 4620 523 4677 et
550 4618 791 4698 supposuerunt
806 4604 1022 4696 jurisdictioni
1051 4604 1140 4677 curie
1167 4602 1417 4688 Aurelianensis,

295 4738 327 4795 et
346 4735 555 4794 asseruerunt
567 4721 653 4793 dicte
669 4719 946 4794 rnrrlieresnrnnes
964 4745 1021 4813 per
1038 4720 1111 4793 fidei
1140 4717 1303 4792 dationem
1336 4722 1421 4816 quod
