3420 5490
760 765 798 782 -
819 731 879 795 spa
900 766 940 780 -

285 861 409 932 decima
431 862 478 931 rel
500 882 573 951 pars
592 861 721 951 ejudem
748 861 788 928 ab
818 858 889 950 ipso
917 860 1094 949 baginaldo
1114 858 1216 932 milite
1234 863 1282 934 rel
1300 864 1416 956 prede·

287 973 473 1045 censoribus
491 972 593 1064 ipsios
613 973 706 1044 lnerit
723 974 861 1062 obligata
881 971 990 1053 alieni,
1006 986 1038 1041 et
1053 971 1157 1063 nliqna
1173 972 1301 1063 qnestio
1317 999 1417 1066 snper

288 1089 350 1156 lroc
388 1100 473 1156 rnota
494 1084 588 1155 luerit
625 1098 736 1156 eontra
759 1084 864 1155 dictos
889 1085 1048 1154 ‹lrcnndm
1068 1097 1100 1156 et
1115 1087 1307 1177 ospitnlnm,
1328 1091 1415 1179 qnod

288 1198 393 1269 dictos
413 1201 570 1269 dernnmn
591 1210 624 1268 et
640 1197 814 1289 eapitnlnm
833 1200 995 1268 dollendet
1011 1210 1043 1270 et
1063 1196 1096 1267 in
1116 1219 1153 1270 se
1172 1222 1230 1290 pro
1248 1199 1329 1292 ipsis
1343 1224 1416 1274 ans·

288 1312 384 1406 cipiet
405 1317 510 1384 bonos
530 1312 610 1396 litis,
633 1325 785 1384 ettotam
815 1310 934 1384 dictam
955 1311 1115 1384 decimans
1131 1311 1228 1384 dietis
1246 1317 1417 1390 decanoet

287 1427 428 1521 napitnlo
458 1428 580 1521 qrdtam
612 1440 643 1497 et
664 1424 795 1499 liberam
824 1427 864 1496 ab
892 1427 1014 1499 bonere
1045 1425 1256 1519 obligationis
1283 1431 1419 1506 cuilibet

287 1557 398 1616 contra
413 1566 528 1615 omnes
553 1541 713 1625 liberabit,
740 1539 897 1632 gerentiet
917 1556 950 1613 et
969 1542 1132 1614 delleodet
1146 1542 1216 1614 sois
1232 1545 1417 1637 anrnptibns

286 1670 318 1729 et
333 1659 495 1748 expensis.
517 1658 603 1748 qood
625 1680 702 1726 nnor
720 1678 779 1726 sna
799 1669 831 1725 et
848 1678 963 1726 ornnes
977 1659 1089 1727 lratres
1100 1655 1204 1747 ipsios
1219 1655 1331 1730 militis
1349 1659 1417 1732 dio·

288 1784 336 1842 tas
356 1771 581 1843 vendicionem
597 1784 629 1840 et
639 1768 856 1860 quitationem
876 1781 909 1840 et
929 1768 1036 1840 omnia
1048 1782 1080 1840 et
1093 1767 1218 1860 singola
1232 1771 1417 1864 supradicta

289 1889 408 1967 volent,
440 1887 616 1954 larrdslmnt
642 1900 673 1955 et
693 1885 886 1969 concedent,
911 1898 944 1955 et
963 1885 991 1954 si
1020 1882 1097 1973 qnid
1121 1883 1358 1974 inrisbabeant
1384 1887 1415 1959 in

289 1997 374 2067 dirtn
396 1996 519 2066 decima
539 1995 614 2065 illnd
635 1993 730 2064 dietis
750 1997 873 2065 decano
892 2006 925 2064 et
941 1992 1082 2085 capitolo
1098 1995 1269 2085 quitabunt
1286 1995 1416 2088 penites

288 2125 319 2180 et
338 2133 416 2200 pnre
449 2108 624 2187 dimittent,
651 2121 682 2177 nt
709 2129 806 2198 snper
831 2109 892 2176 lnoo
918 2108 1039 2176 dabnnt
1066 2118 1098 2176 et
1119 2110 1303 2177 concedent
1319 2107 1416 2179 dietis

289 2227 412 2293 decano
437 2236 468 2293 et
494 2221 634 2311 capitolo
663 2223 786 2291 litteras
814 2223 875 2289 snb
908 2218 1014 2310 sigillo
1045 2223 1210 2291 autentico
1244 2219 1413 2312 sigillatas.

291 2336 439 2409 l'rornisit
452 2337 595 2427 insuper,
610 2345 698 2407 elo...
714 2338 760 2407 lle
775 2333 892 2426 quibos
903 2333 1055 2405 omnibns
1065 2348 1098 2405 nt
1111 2333 1247 2427 singolis
1259 2336 1415 2428 predictis

290 2451 439 2523 terreodis
454 2467 485 2521 et
516 2448 733 2544 adimplendis
751 2451 916 2520 lohannes
946 2450 986 2519 de
1007 2449 1179 2541 temptor,
1198 2449 1304 2533 miles,
1320 2476 1416 2546 prop·

289 2579 336 2637 ter
353 2570 413 2637 boe
442 2565 473 2635 in
499 2582 607 2636 nostra
638 2562 803 2656 presencia
824 2560 1032 2644 constitutus,
1060 2587 1117 2652 pro
1138 2563 1225 2635 dioto
1242 2563 1416 2656 llaginaldo

288 2702 362 2769 erga
378 2678 484 2750 dictos
499 2681 655 2750 dernnnm
680 2691 712 2749 et
744 2674 920 2764 oapitnlnm
947 2699 1003 2769 per
1030 2677 1126 2748 lldenr
1151 2699 1242 2749 snam
1262 2675 1294 2750 in
1315 2702 1414 2753 naon

289 2807 397 2864 nostra
431 2794 595 2885 prestitam
623 2794 822 2883 corporalem
856 2813 892 2862 se
924 2789 1094 2861 constitnit
1128 2792 1351 2883 llrlejssaore·
1382 2807 1416 2868 st

288 2907 389 2982 eciam
422 2909 632 3000 principalem
663 2905 841 2978 debitorem
860 2919 894 2978 et
920 2904 1127 2977 redditorem.
1149 2909 1185 2978 tr
1205 2910 1414 2999 qnantnnrad

287 3021 394 3095 omnia
411 3035 443 3096 et
458 3021 596 3114 singola,
613 3035 700 3093 eto...
722 3024 755 3092 ln
777 3023 870 3113 enjus
882 3018 927 3092 rei
949 3019 1181 3095 memoriamet
1194 3021 1414 3096 testimoninm

289 3137 494 3233 presentibus
507 3136 622 3210 litteris
642 3136 782 3231 sigillum
804 3135 1042 3208 dnrelianensis
1057 3136 1146 3209 ennio
1158 3136 1307 3212 dusinnns
1317 3163 1417 3234 appo·

288 3257 443 3327 nendum.
469 3258 583 3326 batum
613 3276 698 3325 anno
725 3250 851 3325 bomini
879 3255 957 3324 trec
987 3255 1061 3324 bXX
1079 3254 1231 3344 septimo,
1257 3253 1310 3328 dis
1327 3255 1415 3346 jonis

289 3381 362 3460 post
380 3367 513 3441 estivale
523 3369 638 3440 lestnm
661 3365 744 3439 beati
761 3364 896 3437 llartini.
