3420 5490
795 702 883 766 -m
904 733 942 751 -

289 830 474 923 ligeritum,
496 842 663 923 prenotato
682 827 822 920 capitulo
834 829 999 899 habendas
1018 825 1051 896 in
1070 839 1261 918 perpetuom
1276 825 1320 897 ita
1331 849 1412 899 con·

292 944 362 1027 toli,
376 947 462 1034 qnod
484 945 526 1016 dc
549 941 758 1035 proventibus
770 941 958 1013 eorumdem
973 938 1006 1009 in
1022 936 1240 1011 anniversario
1260 962 1333 1012 meo
1353 963 1416 1011 ana

293 1059 461 1138 medietas,
480 1055 553 1128 etin
567 1055 786 1127 anniversario
803 1051 945 1125 defuncti
961 1052 1080 1159 bonelli
1096 1054 1202 1123 lratris
1215 1051 1278 1124 mci
1294 1052 1416 1143 reliqna

293 1170 449 1241 medietas
468 1167 634 1241 canonicis
659 1169 832 1240 dividetur.
861 1166 955 1250 Quod
982 1176 1017 1235 nt
1036 1177 1138 1235 ratum
1158 1177 1190 1236 ct
1212 1177 1324 1237 notum
1345 1189 1418 1258 pcr-

293 1294 422 1354 maneat
435 1295 603 1373 presentes
616 1283 737 1353 litteras
750 1279 847 1372 sigilli
861 1279 924 1353 mei
944 1295 1107 1354 caractere
1120 1284 1278 1355 roboravi.
1300 1286 1416 1354 batum

293 1419 378 1468 anno
397 1394 498 1489 gratie
511 1400 589 1468 llcc
609 1394 762 1470 vicesimo
780 1393 897 1486 primo.

766 1762 943 1825 cbxxxlx

743 2037 876 2101 lanvier
890 2034 969 2099 lael

296 2291 388 2348 lindos
404 2288 512 2360 borrel,
526 2287 658 2359 seigneur
672 2287 708 2344 (le
720 2286 901 2358 'Gomtalaim
923 2285 996 2343 rond
1010 2287 1027 2341 a
1049 2285 1248 2344 Salate-croix
1270 2303 1316 2344 ses
1330 2286 1421 2344 dimas

570 2388 606 2441 ‹le
619 2384 768 2441 Fontaines
781 2400 854 2456 ponc
865 2384 919 2441 550
933 2383 1016 2443 lirres
1028 2385 1141 2459 parisis.

361 2533 447 2605 (Oria.
464 2548 488 2588 s.
505 2531 601 2605 perch.
617 2530 704 2587 Arcb.
720 2529 759 2586 du
773 2529 876 2601 loiret,
891 2530 925 2587 G.
941 2529 1013 2604 3253
1034 2530 1161 2590 mention
1177 2529 1356 2605 Scriptum.)

341 2778 406 2864 ligo
436 2773 711 2856 decommum,
743 2773 961 2843 dominando
990 2771 1165 2856 Cortalain,
1199 2785 1312 2845 notam
1340 2773 1424 2846 lacio

297 2885 449 2958 omnibus
468 2899 532 2955 tam
552 2883 758 2976 presentibus
781 2906 877 2975 qnam
900 2884 1015 2955 latoris
1034 2898 1203 2976 presentes
1219 2887 1342 2958 litteras
1355 2886 1423 2957 ins-

298 2997 440 3091 pectoris
470 3001 553 3088 qnod
579 3019 639 3088 ego
652 3009 750 3067 totam
769 2996 969 3069 decimam...
991 2997 1140 3085 (Comme
1168 3001 1201 3069 lc
1231 3001 1283 3071 clm
1318 3000 1420 3083 CXC,

298 3116 434 3184 melotis
452 3113 632 3195 moteridis,
655 3114 735 3200 scas
749 3134 756 3180 :
774 3114 804 3201 a)
821 3113 903 3182 deest
914 3122 948 3183 et
959 3114 1078 3202 nna)...
1095 3117 1197 3197 Qnam
1211 3114 1421 3185 donationem

299 3240 329 3298 et
360 3227 570 3297 elemosinam
600 3223 781 3314 supradicta
808 3224 971 3315 llargarita
990 3247 1068 3296 uror
1095 3247 1167 3296 mea
1188 3226 1287 3296 rolnit
1306 3237 1339 3298 et
1358 3227 1423 3298 llde

299 3339 405 3409 media
430 3338 615 3408 concedens
635 3335 772 3408 libenter
788 3359 827 3407 ac
846 3335 1019 3409 liberaliter
1036 3338 1237 3430 approbarit.
1256 3342 1420 3412 litantem

299 3449 408 3523 omnia
442 3453 625 3542 supradicta
658 3451 745 3519 brma
783 3460 815 3521 et
840 3449 1033 3522 inconcussa
1055 3465 1280 3543 permaneant,
1301 3475 1362 3544 ego
1390 3451 1422 3523 in

300 3564 442 3657 ipsoram
477 3562 697 3635 testimoninm
726 3575 759 3633 ct
788 3563 996 3636 stabilitatem
1016 3578 1187 3656 presentes
1213 3565 1336 3638 litteras
1356 3565 1424 3637 deri

301 3677 361 3749 leci
383 3690 415 3749 et
435 3675 531 3768 sigilli
552 3679 615 3746 mei
635 3675 815 3747 munimine
837 3677 995 3748 roboravi.
1022 3681 1136 3749 bctnm
1159 3701 1245 3750 anno
1264 3682 1303 3749 ab
1322 3677 1426 3750 incar·

299 3788 428 3860 natione
444 3789 571 3859 Domini
591 3790 669 3858 llcc
689 3787 855 3873 vicesimo,
876 3793 1163 3881 mensejannario.
