3420 5490
761 702 801 719 -
821 668 881 733 268
899 702 942 719 -

291 794 357 862 tulo
393 791 612 862 Aurelianensi
650 814 667 862 a
702 793 853 884 predictis
889 791 1076 863 bominibus
1105 793 1340 883 persolvantur,
1369 790 1413 863 ita

288 903 390 976 eciam
408 907 506 996 (pund,
524 927 581 997 pro
598 904 651 974 illo
669 917 804 997 arpento
823 907 917 996 cujus
938 902 1045 975 vinum
1060 918 1163 976 totum
1177 904 1273 977 luerit
1291 907 1415 991 album,

290 1040 404 1090 omnes
433 1021 537 1089 dictas
564 1033 629 1091 tres
658 1022 788 1110 lagenas
821 1021 861 1091 de
889 1022 1005 1090 eodem
1031 1018 1104 1089 uino
1123 1022 1209 1105 albo,
1231 1030 1265 1091 ot
1283 1042 1343 1113 pro
1360 1018 1416 1091 illo

290 1132 383 1221 cujus
403 1129 509 1200 tinum
530 1143 631 1200 totum
660 1129 753 1201 fuerit
778 1133 911 1201 rubeum
933 1132 973 1200 de
992 1132 1107 1200 eodem
1137 1129 1212 1201 rino
1226 1133 1328 1201 rubeo
1347 1132 1415 1202 sol·

290 1264 363 1312 uere
395 1245 601 1312 tenebuntur.
632 1243 665 1313 si
695 1257 800 1313 autem
821 1242 938 1333 aliquis
966 1240 997 1310 in
1018 1244 1134 1311 eodem
1149 1255 1285 1333 arpento
1303 1240 1413 1313 tinum

289 1358 397 1424 album
413 1368 446 1425 et
459 1356 566 1425 uinum
588 1358 721 1426 rubeum
743 1353 900 1439 babuerit,
923 1353 950 1425 si
972 1369 1072 1424 totum
1093 1357 1202 1425 album
1217 1377 1292 1425 cum
1311 1358 1415 1427 ruben

291 1491 356 1539 non
372 1467 464 1539 luerit
480 1470 681 1561 perutiutom,
704 1470 809 1540 bantra
833 1471 919 1560 justa
941 1467 1161 1539 moderatione
1181 1467 1273 1541 vinco
1290 1472 1364 1541 albe
1382 1484 1415 1543 ct

290 1579 382 1650 vince
397 1582 495 1651 rubee
515 1602 577 1670 qtae
598 1579 629 1649 in
650 1583 765 1651 eodem
779 1595 912 1673 arpento
927 1578 1057 1666 luerint,
1075 1578 1177 1651 dictas
1194 1593 1260 1651 tres
1279 1582 1412 1671 lagenas

290 1696 330 1764 de
346 1692 419 1763 uino
438 1697 538 1764 rubeo
558 1707 590 1764 et
609 1695 649 1764 de
675 1692 747 1764 vino
777 1697 851 1764 albo
867 1695 1063 1786 persolvent.
1079 1691 1112 1763 Si
1126 1715 1202 1764 vero
1222 1706 1325 1765 tntum
1341 1715 1415 1785 pcr-

290 1806 424 1877 mirtum
437 1804 545 1893 locut,
567 1808 607 1877 de
621 1808 736 1878 eodem
763 1805 837 1878 aino
851 1807 1008 1900 permisto
1028 1804 1114 1877 dicte
1133 1819 1200 1877 tres
1218 1808 1333 1899 lagoos
1350 1808 1416 1879 sol·

291 1931 416 1990 tentor.
442 1920 533 2005 Quod
555 1918 582 1990 si
602 1920 720 2011 aliquis
746 1918 777 1988 in
797 1920 888 1991 vinea
903 1920 1011 1989 minus
1031 1918 1177 1990 babuerit
1196 1941 1294 2010 quam
1314 1943 1415 1993 unum

290 2044 474 2122 arpentum,
491 2033 531 2101 de
550 2054 676 2102 summa
700 2028 796 2101 trium
816 2034 1000 2121 lagenarum
1013 2033 1218 2102 subtrahetur
1232 2034 1416 2105 secuudum

288 2143 419 2233 quodei
444 2142 580 2214 deluerit
608 2146 649 2214 de
677 2158 823 2235 arpenta.
853 2142 1029 2214 statuimus
1059 2141 1191 2235 insuper
1214 2158 1250 2215 nt
1280 2145 1415 2237 scpelati

290 2254 438 2327 bomines
472 2255 703 2349 prenominatis
736 2259 860 2327 decano
891 2270 923 2327 et
953 2256 1095 2349 capitulo
1125 2270 1287 2329 trecentas
1315 2258 1415 2330 libras

292 2370 516 2463 parisiensium
536 2375 575 2442 ad
596 2374 677 2443 duos
694 2369 863 2453 terminos,
886 2370 1032 2443 videlicet
1055 2386 1186 2443 centum
1205 2385 1238 2444 et
1256 2370 1415 2466 quiuqua-

290 2485 378 2576 ginta
392 2485 490 2556 libras
509 2508 611 2575 usque
629 2488 668 2555 ad
696 2490 812 2556 festum
838 2488 1046 2556 Pentecostes
1074 2484 1178 2576 primo
1203 2486 1414 2571 futurumst

290 2597 369 2668 alias
384 2612 513 2668 centum
538 2612 570 2667 et
589 2596 818 2687 quinquaginta
837 2595 933 2665 libras
953 2599 1114 2685 usquead
1134 2596 1212 2667 illud
1232 2600 1413 2669 senatulum

291 2710 407 2778 lestum
428 2712 637 2777 l'entecostes
659 2704 730 2777 sine
755 2706 908 2776 dilatione
927 2720 959 2776 et
983 2705 1195 2777 diminutione
1215 2710 1410 2798 persolvant.

291 2824 328 2892 Ut
342 2833 449 2891 autem
465 2819 572 2891 omnia
592 2820 774 2911 supradicta
793 2831 861 2889 rata
881 2832 912 2889 et
930 2822 1019 2889 bruna
1036 2834 1259 2911 permancant,
1279 2842 1414 2913 presen-

291 2949 355 3007 tem
372 2933 519 3027 tunginum
537 2957 593 3027 por
611 2932 789 3026 sigillorum
812 2949 993 3005 nostrorum
1014 2932 1250 3029 appositionem
1270 2934 1413 3009 rliuimua

290 3054 516 3122 roborandam.
539 3054 603 3121 Nos
626 3072 700 3120 vero
726 3050 899 3142 linguatus]
931 3052 1149 3133 subdecanus,
1172 3048 1248 3142 quia
1270 3050 1414 3145 sigillum

290 3162 453 3256 proprium
474 3186 574 3253 penes
589 3185 649 3232 nos
670 3185 733 3232 non
755 3166 965 3247 babebamus,
984 3160 1124 3253 sigillum
1145 3161 1201 3233 uiri
1221 3164 1415 3239 uenerabilis

289 3277 457 3370 bicbertil,
479 3274 592 3346 decani
611 3273 864 3355 Aurelianensis,
888 3276 959 3344 loco
990 3273 1085 3364 sigilli
1105 3276 1207 3345 nostri
1230 3278 1415 3367 rogavimus

288 3387 418 3480 apponi.
439 3393 552 3459 letum
566 3385 759 3469 Aurelianis,
782 3409 868 3457 aooo
891 3385 1017 3456 Domini
1040 3388 1118 3457 trcc
1136 3400 1250 3459 octsro
1270 3386 1413 3475 decimo,

290 3523 402 3572 mense
413 3500 573 3592 ianuario,
591 3500 624 3569 in
644 3502 787 3570 crastino
800 3498 1021 3570 conversionis
1039 3499 1142 3571 sancti
1159 3498 1260 3573 Pauli.
