3420 5490
819 585 877 652 137
899 620 938 634 -

802 906 896 967 cxlx

741 1128 936 1206 incomptus
949 1130 956 1163 ¹

740 1352 960 1437 [raus-rrae]¹

289 1587 478 1659 composition
494 1593 572 1644 entre
587 1587 614 1642 le
628 1587 756 1658 obspitre
776 1595 803 1642 et
826 1589 923 1644 Simon
939 1589 1054 1659 Maugcr
1078 1604 1115 1644 au
1135 1589 1210 1660 sujet
1233 1589 1268 1645 de
1289 1589 1316 1645 ia
1337 1590 1413 1645 dimo

784 1684 913 1741 d'0tiset.

518 1830 609 1903 iOrig.
626 1849 649 1887 s.
666 1832 762 1904 perch.
780 1832 866 1888 brcb.
883 1830 921 1888 du
935 1831 1037 1889 Loiret.
1053 1833 1086 1889 G.
1098 1833 1173 1903 358).

739 2030 963 2092 Csaoonauuuu

332 2281 397 2371 Ego
423 2281 606 2371 Stcptranus
627 2282 743 2350 Sancte
768 2280 882 2350 Crucis
914 2281 1056 2351 decanus
1081 2288 1234 2351 ettotam
1264 2282 1410 2372 ejusdem
1516 2290 1524 2306 ‘

290 2394 426 2465 ecetesic
454 2392 629 2484 capitutum
657 2392 808 2465 omnibus
824 2406 887 2464 tarn
918 2392 1045 2465 clericis
1064 2418 1158 2485 quarn
1185 2392 1276 2467 iaicis
1300 2409 1411 2468 notum

290 2511 523 2580 essevolumus
542 2510 627 2600 quod
643 2506 726 2580 iuter
746 2532 805 2579 nos
824 2523 856 2581 et
876 2507 1040 2582 Simonem
1062 2507 1160 2580 sitium
1190 2507 1327 2601 Matgerii
1347 2510 1414 2582 siu·

289 2623 371 2714 gutis
391 2622 485 2694 auaris
522 2623 560 2694 tis
580 2637 613 2695 ct
644 2622 809 2695 contentio
840 2627 1032 2696 noscebatur
1062 2625 1103 2694 de
1134 2625 1257 2695 deerma
1289 2623 1414 2696 sciticet

289 2751 410 2821 nostra,
432 2760 526 2826 quam
543 2739 627 2828 apud
648 2751 795 2808 sanctum
815 2736 980 2806 ttartiuum
1001 2758 1099 2826 suaper
1119 2735 1298 2827 bigerutum
1315 2739 1413 2806 babe-

291 2850 403 2918 bsmus
436 2861 467 2918 et
488 2871 546 2918 sua
572 2871 666 2938 quarn
701 2847 820 2919 ibidem
852 2851 939 2938 iuxta
974 2860 1116 2919 nostram
1146 2850 1297 2930 babebat,
1326 2850 1413 2938 quod

290 2959 431 3031 vicissim
452 2960 629 3032 servientes
659 2959 760 3031 nostri
793 2975 825 3032 ct
845 2959 894 3032 sui
914 2983 985 3031 esur
1018 2959 1102 3031 sicut
1127 2959 1174 3031 eis
1206 2962 1245 3031 ad
1270 2958 1414 3031 animum

291 3073 436 3146 veniebat
469 3076 682 3166 occupabant.
721 3081 823 3161 Quam
852 3072 1093 3147 contentionem
1129 3073 1258 3167 penitus
1288 3076 1415 3146 auterre

291 3188 472 3280 cupientes,
496 3188 659 3259 communi
680 3187 816 3260 consitio
836 3203 935 3260 totam
963 3202 1106 3261 nostram
1133 3188 1290 3261 decimam
1318 3211 1413 3280 quam

291 3302 323 3372 in
344 3303 487 3393 predicto
507 3301 668 3374 territorio
688 3306 885 3374 trahebamus
905 3326 978 3373 cum
998 3302 1101 3394 ipsius
1121 3302 1262 3375 Simonis
1290 3303 1415 3376 decima

294 3416 616 3499 communicavimus,
640 3429 703 3485 tarn
723 3420 763 3487 de
782 3439 932 3487 aunonua
952 3439 1046 3505 quarn
1074 3418 1114 3488 de
1143 3415 1228 3503 uiuo,
1250 3438 1290 3489 eo
1319 3415 1419 3508 siqui·

292 3532 364 3601 dem
402 3543 511 3620 pacto.
540 3531 625 3620 quod
644 3543 719 3600 autc
750 3551 875 3600 messes
897 3550 955 3599 uos
970 3528 1119 3600 canonici
1139 3527 1206 3600 sire
1234 3529 1417 3622 prepositus

292 3656 401 3714 noster
433 3644 662 3714 decimatorem
698 3646 736 3713 ad
772 3641 926 3714 messium
963 3641 1121 3714 decimam
1155 3646 1416 3735 congregandam

292 3780 449 3848 ponemus
469 3770 502 3827 et
516 3755 591 3826 inde
614 3754 798 3826 fidetitatem
823 3770 855 3827 et
875 3757 970 3828 uobis
1000 3771 1032 3827 ct
1055 3755 1178 3828 Simoni
1198 3758 1309 3842 saciet,
1328 3770 1361 3830 et
1389 3757 1417 3830 si

290 3870 364 3941 inde
379 3870 583 3953 forisfecerit,
603 3868 766 3942 communi
780 3870 916 3942 consitio
938 3885 1048 3943 nostro
1065 3869 1191 3944 sedicet
1211 3884 1243 3943 et
1275 3869 1416 3944 Simonis

291 3999 344 4056 aut
363 3988 540 4077 erpettetur
562 3997 617 4056 aut
649 3983 841 4070 remanebit,
862 4001 895 4057 et
926 3985 953 4057 si
972 3985 1157 4058 emendatio
1177 3985 1252 4058 inde
1285 4000 1417 4080 accepta

293 4084 399 4184 tuerit,
422 4124 481 4171 uos
502 4099 576 4171 inde
591 4101 672 4171 duas
687 4113 795 4190 partes
810 4100 922 4173 Simon
943 4124 1017 4173 sero
1037 4100 1169 4172 terciam
1185 4100 1327 4174 babebit.
1343 4107 1419 4173 t’ost

328 4416 337 4452 ¹
359 4414 397 4470 Le
411 4414 462 4470 bas
477 4414 511 4470 de
527 4420 597 4471 cette
611 4415 708 4470 cbarte
722 4432 738 4470 a
753 4415 797 4470 eti
811 4416 911 4487 coupd,

329 4504 534 4577 ’ttsnbetemy
557 4521 592 4559 ue
619 4504 661 4561 iot
683 4504 827 4560 oberecier
847 4505 931 4577 qu'en
955 4503 1046 4578 11223
1070 4521 1121 4561 son
1141 4519 1308 4561 successeur
1327 4504 1420 4564 Itaoul

294 4597 418 4668 apparuit
433 4610 506 4668 pour
520 4594 546 4650 la
560 4595 699 4666 premiere
712 4595 766 4650 tois
780 4610 815 4649 en
830 4594 911 4651 tras.
