3420 5490
800 1080 914 1142 cxcttt

675 1357 1011 1440 irrumpuntur

285 1591 323 1645 ta
332 1591 465 1657 seigneur
478 1590 514 1645 de
527 1590 689 1646 Gnurtatain
703 1590 819 1660 derisus
833 1589 994 1647 Guibaame
1005 1591 1122 1647 Ganaba
1130 1597 1157 1646 et
1169 1607 1199 1647 aa
1214 1590 1321 1648 iambis
1335 1608 1407 1664 pour

335 1687 527 1758 apparteniri
543 1686 747 1747 sainte-Crob.
763 1702 798 1742 eu
817 1693 897 1742 rertn
917 1687 955 1742 dtr
969 1692 1079 1743 mount
1095 1686 1130 1742 de
1144 1686 1256 1757 lansbr
1270 1686 1354 1744 mi.

384 1833 473 1901 (θήῃ.
489 1849 512 1885 r.
530 1832 626 1903 parrb.
643 1833 727 1888 Arcti.
743 1829 782 1887 da
797 1829 901 1898 tantist,
917 1832 950 1885 G.
966 1849 974 1902 ;
990 1833 1116 1889 nentina
1130 1830 1302 1903 Munus).

331 2046 396 2130 spo
412 2045 483 2113 ttrio
504 2043 646 2125 borrelli,
662 2041 812 2113 dominns
831 2042 872 2113 rie
895 2046 969 2113 Cort
990 2042 1093 2124 tttain,
1114 2055 1225 2113 notum
1242 2044 1325 2113 tatio
1341 2065 1412 2114 ona·

286 2152 381 2224 nibus
401 2168 568 2245 presentes
581 2155 702 2225 litteras
717 2153 911 2244 inspectoris
926 2157 1012 2241 nuod
1025 2178 1098 2227 eum
1119 2178 1181 2246 ego
1195 2155 1335 2228 ecelesia
1349 2159 1412 2226 bu·

287 2266 457 2337 reiiaoeusi
478 2268 640 2338 stetissem
666 2281 698 2339 et
716 2269 954 2339 conressissem
972 2291 1071 2339 nuum
1095 2269 1259 2340 bominem
1276 2270 1317 2341 tie
1340 2291 1412 2339 sor·

288 2405 363 2472 pore
380 2395 412 2449 ot
438 2405 567 2452 tutorem
591 2384 661 2473 rjus
675 2405 747 2452 rum
763 2406 874 2454 eorum
891 2382 963 2453 abis
978 2384 1018 2453 un
1034 2380 1176 2465 iambis,
1193 2406 1319 2455 urenott
1334 2407 1408 2455 cum

287 2495 429 2566 tonsuris
449 2511 481 2567 ot
511 2497 774 2589 possessionibus
788 2500 976 2570 eorumdem
995 2510 1028 2570 et
1048 2498 1180 2591 iusuper
1192 2499 1257 2569 dno
1276 2511 1410 2591 arpenta

287 2622 384 2688 terre,
400 2633 463 2700 rpite
476 2609 582 2680 omnia
600 2633 655 2702 per
668 2610 838 2683 consitium
851 2610 1042 2684 reserabitis
1053 2610 1109 2681 riri
1124 2613 1190 2681 tte
1207 2614 1324 2689 Brenn.
1346 2615 1410 2682 bn·

287 2723 475 2793 rebanousis
484 2722 991 2815 archidianoni,pretateecciesie
1002 2727 1134 2796 tenebar
1146 2725 1412 2815 assignassem.

286 2838 326 2907 de
338 2859 473 2907 assensn
494 2852 526 2907 et
545 2838 706 2907 rotuntate
725 2836 801 2907 dicti
821 2836 1051 2921 archidiaconi,
1070 2837 1266 2910 Wibeimunt
1282 2838 1413 2908 Gaucbe

286 2963 318 3019 et
336 2953 529 3030 tottannarn,
551 2974 680 3021 uxorem
700 2954 782 3040 ejus.
805 2972 879 3020 rum
900 2950 1042 3041 ipsorum
1060 2952 1134 3020 bbis
1149 2975 1232 3043 quos
1251 2951 1413 3022 habebant

288 3061 319 3133 iu
336 3062 476 3154 presenti
495 3078 526 3135 et
544 3089 626 3156 sputos
643 3068 761 3137 babere
782 3077 932 3157 poterunt
954 3065 985 3134 in
1009 3069 1150 3136 totorum
1166 3081 1198 3137 et
1211 3087 1285 3137 cnm
1306 3063 1410 3136 omni·

288 3182 348 3248 bns
364 3182 461 3248 rebus
479 3192 542 3249 tam
557 3178 730 3252 mobilibus
749 3204 844 3271 quam
864 3179 1085 3251 immobilibus
1097 3204 1178 3271 quas
1188 3179 1413 3272 possidebant,

289 3295 508 3385 pronominato
521 3296 659 3367 ecclesio
671 3296 832 3388 assignavi
848 3322 856 3380 ;
871 3320 934 3388 qne
953 3296 1059 3368 omnia
1080 3300 1120 3367 art
1138 3298 1285 3369 eamdem
1305 3298 1416 3369 eccle-

289 3410 367 3481 siam
387 3415 483 3503 pteuo
498 3415 569 3501 jure
585 3436 658 3483 rom
678 3414 765 3482 omni
786 3412 933 3485 districtu
953 3429 984 3485 et
1002 3414 1238 3486 consuetudine
1258 3435 1296 3485 ac
1310 3412 1412 3504 justi·

289 3525 350 3605 eia.
364 3528 444 3597 siout
459 3549 520 3617 ogo
534 3529 647 3597 cadem
664 3526 882 3619 possidebam,
901 3529 932 3598 iu
949 3541 1138 3620 perpetuum
1150 3529 1369 3618 pertinebunt,
1382 3526 1414 3599 in

288 3641 404 3728 turribus
420 3663 481 3727 epo
506 3643 552 3709 rei
570 3643 706 3711 berertes
728 3644 790 3711 mei
812 3641 909 3710 nirbii
927 3641 1009 3731 juris
1029 3641 1208 3732 poterimus
1225 3643 1413 3713 reclamare.

289 3760 391 3834 Quaru
413 3752 619 3822 sinuationem
638 3769 670 3823 et
684 3754 894 3823 elemosinam
917 3754 1090 3843 Margarita,
1113 3777 1191 3823 uror
1211 3775 1295 3832 mea.
1311 3767 1343 3824 et
1361 3752 1415 3823 tttt

289 3863 401 3942 nostri,
415 3866 486 3933 ttdo
507 3864 653 3933 stretton
673 3868 874 3945 otbrbanna,
895 3867 1077 3946 rubuerunt,
1097 3878 1127 3935 et
1145 3865 1215 3956 ipsa
1235 3863 1414 3955 Margarita,

290 3998 367 4046 uror
384 3999 468 4056 mea,
484 3976 656 4047 liberaliter
674 3981 736 4049 bie
755 3981 859 4049 media
880 3980 1084 4069 approbarit.
1104 3979 1138 4047 br
1157 3980 1252 4069 enjus
1269 3976 1314 4049 rei
1328 3975 1416 4049 terti·

290 4088 432 4158 monium
453 4103 621 4180 presentes
634 4092 756 4162 ttnsras
775 4089 890 4161 contisi
910 4106 942 4162 et
961 4088 1056 4181 sigilii
1078 4088 1141 4162 mei
1161 4089 1221 4162 teci
1235 4087 1414 4163 uirtutis

290 4206 443 4273 roborari.
457 4209 569 4274 brtum
589 4225 674 4275 anno
694 4203 821 4275 Domini
841 4208 865 4275 tt
887 4203 1111 4276 ducentesimo
1123 4201 1278 4275 riresimo
1298 4202 1414 4296 prino,

290 4339 401 4387 mense
421 4314 525 4408 apriti.
