3420 5490
763 754 800 766 ..
821 722 877 785 331
905 755 940 766 -

289 845 498 917 deliberatum
526 848 606 916 intra
637 847 757 917 dictum
790 847 961 917 terminum
990 849 1031 918 ad
1061 852 1122 918 troc
1148 849 1316 939 prefixum,
1352 872 1413 922 noa

289 961 478 1051 petebamus
497 971 599 1029 totum
620 982 736 1030 nemus
750 961 836 1050 quod
851 963 1037 1032 remanebat
1051 964 1156 1033 adhuc
1171 960 1415 1034 deliberandum

289 1087 351 1143 tam
384 1087 508 1143 sectum
532 1096 627 1164 quam
654 1075 830 1144 secandum
860 1087 893 1144 et
925 1072 1114 1146 dicebamus
1150 1089 1297 1146 nostrum
1328 1099 1415 1163 esse,

288 1184 417 1257 domina
451 1186 559 1275 regina
597 1210 653 1276 nro
686 1209 762 1276 rege
793 1210 856 1257 non
888 1187 1126 1258 consentiente.
1161 1189 1304 1259 Tandem
1334 1187 1419 1261 inter

288 1298 451 1368 dominam
479 1296 622 1388 reginam
643 1310 675 1369 et
695 1321 755 1369 nos
785 1297 827 1368 ita
854 1297 1070 1390 compositum
1099 1312 1150 1370 est
1175 1313 1207 1371 et
1232 1300 1417 1371 ordinatum

287 1412 372 1501 qnod
405 1412 547 1481 venditio
578 1415 660 1481 tacta
693 1412 804 1491 stabit,
833 1424 1004 1503 prorogato
1039 1410 1177 1484 termino
1217 1410 1417 1484 deliberandi

288 1546 404 1596 nemus
423 1526 587 1595 residuum
606 1528 645 1594 ab
664 1523 793 1595 instanti
818 1529 902 1597 testo
922 1527 1075 1596 Omnium
1100 1530 1291 1597 Sanctorum
1312 1550 1418 1618 usque

290 1641 328 1708 ad
349 1640 431 1708 duos
448 1661 563 1719 annos,
582 1637 661 1708 intra
678 1661 773 1727 qtrem
791 1637 962 1708 terminum
979 1652 1080 1709 totum
1096 1660 1211 1711 nemus
1226 1641 1323 1711 debet
1337 1640 1417 1712 deii-

291 1749 406 1833 berari,
427 1763 459 1819 et
477 1773 537 1820 nos
556 1749 746 1820 tradedimus
764 1764 925 1820 trecentas
940 1748 1037 1821 libras
1062 1749 1290 1841 parisiensium
1309 1765 1342 1823 et
1361 1755 1418 1824 det

291 1861 384 1932 nobis
406 1876 631 1951 nugamentum
652 1863 864 1951 sequentibus
890 1861 1034 1932 terminis
1054 1861 1194 1933 Parisius
1213 1864 1298 1953 apud
1317 1867 1413 1934 Tem·

291 1977 391 2064 ptum,
419 1972 567 2044 videlicet
587 1977 617 2042 in
639 1972 770 2043 instanti
798 1977 879 2043 testo
899 1971 1051 2043 Omnium
1072 1976 1264 2045 Sanctorum
1284 1988 1414 2045 centum

291 2090 402 2168 libras,
420 2085 451 2154 in
472 2085 619 2176 sequenti
639 2098 672 2155 et
690 2088 834 2156 secundo
854 2090 935 2157 testo
950 2082 1102 2156 Omnium
1123 2091 1315 2158 Sanctorum
1339 2110 1416 2158 een·

291 2213 356 2268 tum
378 2201 490 2283 libras,
515 2207 547 2266 in
578 2198 679 2269 tercio
697 2198 905 2288 subsequenti
937 2202 1019 2269 testo
1046 2202 1201 2270 Omnium
1222 2202 1415 2271 Sanctorum

291 2312 435 2384 residuas
455 2326 584 2384 centum
601 2311 710 2383 libras.
726 2316 839 2383 Datum
853 2334 938 2383 anno
957 2311 1086 2383 Domini
1100 2311 1273 2385 millesimo
1293 2315 1415 2385 ducen-

291 2427 407 2499 tosimo
427 2426 671 2520 qtradrngosimo
691 2442 815 2511 octavo,
837 2450 949 2499 menso
968 2425 1158 2520 septembri.

755 2791 950 2855 ucuxxxvt

711 3073 807 3146 sens,
824 3068 895 3148 juin
915 3065 995 3132 tutu

291 3324 408 3384 dubour
428 3326 558 3396 d'Ormoy
572 3323 644 3380 vend
666 3341 702 3380 au
725 3323 850 3396 chapitre
862 3340 934 3396 pour
948 3322 1000 3380 180
1013 3323 1096 3379 tiores
1110 3323 1211 3397 parisis
1224 3327 1250 3384 ttt
1265 3327 1364 3385 mttirie
1377 3328 1417 3386 du

751 3421 961 3493 Mesnilgiraud.

497 3568 586 3637 (Orig.
599 3584 622 3622 s.
639 3566 733 3637 perch.
752 3566 834 3622 droit.
851 3567 889 3621 du
906 3567 1009 3637 Loirst,
1024 3568 1058 3624 G.
1074 3568 1129 3624 &50
1143 3568 1211 3642 bis.)

337 3779 418 3860 Giio,
446 3777 500 3848 uei
527 3779 631 3867 gracia
652 3777 850 3848 senonensis
864 3778 1141 3871 archiepiscopus,
1164 3779 1413 3875 universispre-

292 3905 402 3963 sentes
421 3890 541 3961 litteras
561 3890 758 3981 inspecturis
773 3905 916 3961 eternam
932 3888 964 3959 in
982 3890 1120 3963 Domino
1140 3895 1290 3966 salutem.
1314 3896 1419 3967 Noae·

293 4008 332 4076 rit
368 4004 558 4076 universitas
585 4018 689 4075 restra
727 4006 810 4095 ntrod
842 4006 873 4073 in
905 4019 1013 4075 nostra
1045 4006 1207 4096 presentia
1242 4012 1420 4080 constituta

294 4119 409 4191 nobilis
430 4119 545 4189 mutiet
562 4117 721 4208 duburgis
736 4119 776 4187 de
789 4117 924 4201 Utmeio‚
939 4118 1138 4190 Sunonensis
1158 4120 1317 4211 dyocesis,
1343 4144 1420 4193 cou-

294 4241 376 4306 tcssa
397 4248 447 4306 est
466 4258 572 4305 coram
600 4233 693 4303 notris
712 4235 797 4323 qttod
814 4236 883 4323 ipsa
904 4232 1068 4322 majoriam
1092 4256 1183 4305 suam
1204 4257 1299 4325 quam
1320 4238 1420 4307 trabe·

294 4352 358 4431 bat,
411 4362 444 4417 nt
473 4347 612 4429 dicebat,
646 4346 677 4414 in
710 4360 792 4416 terra
814 4336 937 4416 ¹Sancte
969 4345 1080 4417 Crucis
1111 4347 1350 4420 Aurelianensis
1378 4347 1410 4419 in
1497 4386 1503 4400 ·

294 4461 453 4534 territorio
480 4463 519 4532 do
547 4466 653 4532 ttanso
674 4461 815 4542 Grandi,
839 4459 1038 4531 Sunonensis
1063 4462 1226 4552 dyocesis,
1258 4462 1298 4534 de
1323 4464 1421 4554 patri-

294 4578 403 4648 monio
433 4601 492 4647 suo
522 4590 553 4646 et
582 4580 622 4646 de
654 4577 747 4645 feodo
764 4573 893 4664 capituti
918 4573 1366 4659 turetianensismorentem,
1387 4589 1422 4648 et

294 4689 443 4782 quiequid
456 4691 494 4759 ad
510 4687 830 4778 majoriampertinet‚
847 4685 993 4758 videticet
1006 4685 1126 4771 aceias,
1144 4685 1421 4771 districta‚emeu-
