3420 5490
641 785 678 796 -
697 751 754 815 aur
780 785 817 799 -

164 877 218 967 apri
239 878 279 947 ad
296 898 395 947 unum
414 875 561 972 altarium
586 875 618 944 in
644 877 728 946 dieta
756 879 853 947 domo
880 876 1105 948 elemosinam
1131 877 1289 952 scitorum

163 989 281 1081 jugiter
312 991 471 1061 deserviet
498 1002 532 1059 et
557 987 675 1060 ibidem
703 1011 762 1080 pro
787 987 895 1059 anime
924 988 1001 1060 dieti
1022 992 1179 1078 llanasse,
1200 1006 1292 1065 aute·

167 1124 333 1173 cessurum
359 1114 391 1172 et
410 1113 577 1192 parentum
601 1124 734 1172 suorum
751 1100 894 1172 remedio
912 1101 1027 1172 diebus
1051 1100 1188 1194 singulis
1207 1102 1291 1174 diri-

169 1238 245 1285 num
271 1212 412 1285 olbcium
436 1213 623 1284 celebrabit.
646 1213 867 1285 Promiserunt
892 1215 988 1285 ctiam
1008 1227 1041 1285 et
1059 1231 1293 1288 concesseruut

168 1327 244 1398 dicti
275 1332 387 1398 lratres
405 1330 490 1417 quud
511 1350 567 1419 pro
596 1328 699 1398 salute
721 1325 798 1398 dicti
818 1330 963 1398 llanasse
983 1349 1078 1399 uuam
1099 1329 1230 1402 missum
1251 1333 1292 1402 de

167 1440 286 1533 Spiritu
306 1445 424 1512 Sancte
441 1442 546 1530 quoad
562 1437 673 1511 vixerit
685 1438 878 1532 septimanis
893 1439 1030 1533 singulis
1045 1441 1076 1512 in
1092 1440 1177 1515 dicta
1195 1445 1292 1518 demo

168 1555 286 1626 lanient
304 1555 460 1626 celebrari
475 1578 484 1637 ς
506 1567 579 1645 post
599 1555 724 1625 obitum
742 1577 817 1627 vero
832 1552 910 1626 dicti
925 1559 1068 1627 llauasse
1081 1554 1159 1629 dicti
1178 1560 1293 1631 lratrcs

168 1666 421 1741 anniversarium
446 1689 541 1738 suum
567 1667 598 1737 in
624 1667 708 1739 dicta
734 1669 831 1740 domo
850 1667 989 1760 singulis
1007 1667 1102 1742 anuis
1125 1669 1242 1744 lacient
1261 1685 1294 1746 et

168 1783 200 1855 iu
222 1783 272 1854 die
287 1780 364 1855 dicti
380 1781 590 1853 anniversarii
604 1781 812 1876 quadraginta
830 1783 953 1856 solidos
968 1786 1007 1855 ad
1028 1782 1199 1877 pitanciam
1216 1810 1292 1881 pau·

170 1920 280 1992 perum
309 1896 427 1968 ibidem
458 1896 719 1969 decumbentium
751 1902 941 1990 erogabunt.
972 1897 1079 1971 Voluit
1106 1898 1203 1972 etiam
1230 1904 1294 1973 lla·

169 2033 282 2083 nasses
301 2024 334 2082 et
352 2010 516 2082 concessit
535 2009 687 2101 predictis
706 2013 793 2102 quod
813 2010 840 2082 si
860 2011 975 2102 aliquis
991 2013 1039 2083 rel
1059 2011 1156 2102 aliqui
1176 2027 1289 2086 contra

170 2147 207 2197 ea
226 2147 287 2215 que
303 2122 499 2215 prediximus
513 2126 560 2195 rel
571 2122 689 2214 aliquid
706 2146 743 2195 er
759 2123 911 2216 predictis
922 2121 1030 2195 venire
1044 2126 1290 2216 presumpserit,

171 2241 218 2311 vel
247 2237 273 2309 si
298 2237 419 2309 dietum
447 2238 588 2307 olbcium
617 2237 649 2307 iu
681 2235 765 2308 dicta
793 2238 889 2308 durno
921 2250 955 2306 ut
985 2260 1002 2308 a
1035 2235 1184 2310 iratribus
1207 2239 1293 2310 dicte

170 2355 285 2423 demus
316 2375 507 2423 cencessum
538 2353 593 2444 {et}
625 2351 819 2441 promissum
852 2365 988 2424 estnon
1019 2351 1085 2424 lieri
1106 2354 1294 2447 eontigerit,

170 2465 275 2537 dictus
306 2470 400 2537 lratcr
429 2468 569 2536 llndreus
595 2466 697 2536 dictas
730 2468 845 2536 domos
871 2464 1002 2537 cuilibet
1028 2464 1117 2538 alteri
1149 2471 1295 2541 cuulerre

171 2584 289 2672 poterit
313 2593 346 2650 ct
371 2580 488 2650 dietam
508 2578 717 2668 capellaniam
743 2577 938 2669 ubicumque
958 2578 1093 2650 voluerit
1113 2580 1296 2671 assignare,

171 2706 263 2785 prout
293 2692 501 2782 interipsum
522 2695 698 2762 llauassem
730 2705 762 2762 et
791 2695 919 2764 lratrem
948 2693 1106 2764 budream
1133 2693 1296 2785 predictos

169 2804 350 2878 ordinatum
366 2817 416 2875 est
434 2807 474 2874 de
487 2803 579 2894 ipsis.
597 2809 631 2874 ln
651 2807 744 2896 cujus
762 2803 806 2876 rei
823 2805 1011 2876 memoriam
1026 2818 1058 2875 et
1073 2804 1296 2877 testimonium

170 2917 374 3010 presentibus
400 2916 513 2987 litteris
531 2918 570 2986 nd
591 2916 783 3008 peticionem
812 2917 889 2989 dicti
914 2923 1057 2990 llanasse
1076 2916 1172 3009 sigilli
1194 2919 1295 2991 nostri

171 3032 318 3104 dedimus
338 3030 587 3102 munimentum.
605 3036 715 3103 tlctum
736 3056 820 3104 anno
836 3033 964 3105 Domini
980 3033 1152 3106 millesimo
1168 3036 1297 3106 ducen-

171 3151 288 3221 tesimo
307 3148 552 3240 quadragesime
567 3150 726 3232 secunde,
748 3171 860 3221 meuse
881 3150 890 3242 1
1025 3151 1049 3244 l.

660 3511 803 3573 CClell

630 3783 741 3845 luillet
762 3781 842 3845 tela

171 4009 259 4065 vente
277 4024 313 4064 au
332 4009 468 4081 cbapitre,
490 4026 541 4082 par
561 4008 652 4066 Eudes
675 4027 691 4064 ι
710 4008 854 4066 blericle»
877 4010 965 4065 elles
987 4009 1196 4081 «Balaberd»,
1213 4009 1299 4067 d’uns

207 4106 315 4163 maison
339 4106 395 4162 eise
420 4107 485 4178 pres
512 4107 540 4162 la
562 4122 667 4177 prenge
691 4105 726 4162 de
749 4105 932 4177 Terminiers,
957 4120 994 4162 ιιι
1015 4106 1078 4176 prix
1099 4104 1136 4162 de
1158 4106 1192 4162 td
1213 4105 1299 4163 lirrss

209 4202 318 4275 parisis.

388 4297 495 4368 ·(0rig.
512 4315 535 4351 s.
552 4296 646 4367 parcb.
663 4296 748 4351 Arcb.
765 4295 922 4366 dulciret,
939 4296 973 4352 G.
990 4295 1068 4366 386.)

219 4504 380 4579 Universis
414 4520 581 4598 presentes
613 4506 734 4577 litteras
762 4504 969 4597 inspecturis,
990 4503 1136 4577 ollrcislis
1160 4503 1301 4578 Aurelia·

174 4622 287 4693 nensis
312 4623 447 4692 salutum
469 4620 499 4690 in
520 4619 671 4692 Durninu.
693 4619 842 4692 Noverint
860 4618 998 4692 universi
1019 4621 1106 4712 quod
1131 4619 1299 4693 constituti

173 4758 281 4810 coram
319 4733 413 4807 uobis
451 4737 522 4807 Ode
561 4733 696 4822 ltericie,
729 4734 876 4807 llsceliua
904 4736 976 4827 ejus
1004 4756 1095 4818 uxor,
1133 4736 1300 4809 lebannes
