3420 5490
809 937 899 1001 LViii

639 1193 753 1278 [auant
769 1197 800 1262 le
815 1198 857 1261 t*
870 1197 961 1281 aodt]
975 1197 984 1235 ¹
999 1197 1080 1263 ttot

293 1464 333 1522 En
347 1465 482 1540 presence
497 1467 681 1537 deturbare,
697 1476 787 1528 comte
801 1470 837 1528 de
851 1472 939 1543 etot«,
955 1472 1052 1531 Pierre
1070 1458 1106 1530 de
1131 1473 1291 1532 Peronridln
1313 1491 1419 1550 eumue

412 1582 447 1621 au
462 1565 598 1639 chandre,
614 1584 686 1640 pour
699 1565 736 1623 dt)
749 1565 844 1642 livroa,
859 1585 906 1624 ses
920 1569 1095 1640 possessione
1108 1571 1125 1627 d
1139 1569 1297 1645 Viltequoy.

294 1735 381 1806 (Orio.
396 1735 481 1792 Arch.
498 1735 652 1806 dulciret,
669 1738 702 1794 G.
718 1736 781 1793 377.
797 1769 832 1779 -
852 1737 939 1810 Copia
950 1737 987 1795 da
1001 1739 1114 1811 Batune,
1130 1758 1158 1814 p.
1170 1741 1216 1799 70.
1233 1772 1265 1783 -
1279 1739 1339 1798 Bib.
1351 1741 1416 1798 Not.

416 1834 480 1890 cott.
496 1834 619 1904 Moreao,
636 1850 663 1906 p.
679 1833 736 1891 ts:
753 1834 815 1906 107,
830 1834 942 1909 d’apres
955 1837 981 1893 de
999 1838 1160 1909 cartulaire,
1175 1839 1200 1893 d⁰
1215 1838 1290 1909 132).

342 2029 513 2092 iuvunttcto
535 2048 621 2093 uerat
641 2048 679 2092 DE
701 2045 862 2094 ussovtuut
884 2048 1026 2094 cutuuttto
1047 2049 1126 2094 tutto
1147 2049 1256 2097 vrtbttt
1277 2052 1363 2096 odunt

337 2255 370 2322 tn
391 2250 522 2326 nomine
543 2267 654 2326 sancte
675 2266 708 2326 ct
727 2252 889 2329 individue
918 2253 1092 2329 Trinitatis.
1124 2259 1189 2349 Ego
1219 2259 1415 2344 Teobaidun

292 2369 349 2440 Dei
369 2366 468 2460 gratia
488 2392 600 2442 comes
614 2370 776 2443 Btescnsis
792 2383 825 2443 ct
842 2368 950 2464 regius
965 2369 1100 2465 duriter.
1122 2376 1237 2445 Notum
1256 2370 1323 2446 steri
1345 2375 1417 2448 noio

294 2497 356 2556 tam
393 2483 589 2558 instantibus
623 2510 718 2578 quam
752 2486 878 2571 tuturis,
914 2491 999 2580 quod
1035 2493 1148 2561 t'etrus
1187 2491 1227 2562 da
1260 2490 1417 2563 Pesoviita

292 2597 460 2673 invadiavit
481 2602 621 2694 capituto
638 2606 754 2674 Sancto
771 2601 882 2675 Crucis
903 2627 960 2696 pro
974 2607 1022 2675 ttu
1042 2602 1132 2676 tibris
1149 2601 1301 2696 quicquid
1318 2607 1418 2677 habe·

291 2718 344 2787 hat
367 2718 400 2787 in
419 2715 491 2789 viiia
517 2740 580 2808 qua
606 2716 723 2789 dicitur
741 2716 820 2790 vitta
841 2719 955 2802 Gratti,
978 2731 1042 2790 tum
1063 2717 1096 2789 iu
1116 2717 1302 2790 homiuibus
1320 2742 1418 2810 uuum

289 2831 433 2902 interris
453 2830 550 2903 cultis
565 2830 632 2903 sive
653 2855 716 2903 non
733 2831 842 2916 ruitis,
865 2845 928 2903 tam
949 2829 980 2902 in
995 2829 1086 2924 aquis
1105 2855 1201 2923 quam
1221 2834 1254 2901 iu
1273 2832 1417 2924 pascuis,

289 2968 362 3016 cum
397 2945 549 3018 omnibus
582 2946 759 3019 redditibus
791 2950 831 3019 ad
864 2946 969 3018 vittam
1002 2947 1251 3040 pertinentibus,
1284 2960 1417 3040 excepta

289 3059 497 3150 porciuneuia
529 3073 612 3134 terre
641 3085 736 3153 quam
768 3060 838 3154 ipsc
864 3063 1024 3133 locaverat
1056 3060 1183 3133 cuidam
1212 3063 1329 3135 colono
1361 3087 1419 3155 per

289 3173 568 3264 quinquennium
601 3189 729 3267 peracto
753 3199 828 3249 vero
853 3172 1086 3266 quinquennio,
1112 3173 1229 3246 redibit
1248 3177 1288 3245 ad
1313 3179 1419 3247 ecete-

232 3295 244 3315 ·
290 3287 382 3358 siam.
398 3287 431 3358 Si
448 3300 555 3359 tamen
576 3288 703 3360 interim
725 3289 756 3359 in
773 3288 981 3380 possessione
995 3286 1091 3360 tuerit
1104 3287 1293 3371 vadimonii,
1307 3289 1419 3360 termi-

291 3424 351 3471 nus
377 3401 548 3472 vadimonii
580 3401 640 3472 erit
667 3425 685 3472 a
710 3404 817 3473 tuturo
838 3405 959 3474 Pascha
987 3403 1147 3493 usquead
1170 3403 1253 3472 duos
1280 3424 1418 3485 anuos;

291 3528 421 3605 peracto
435 3528 541 3586 autem
563 3514 699 3586 termino
725 3516 799 3604 isto,
824 3515 1085 3607 asoidcupnitatc
1106 3517 1229 3586 Pascali
1254 3517 1416 3605 usquead

291 3631 525 3700 Peutirccostcu
547 3627 656 3699 iicebit
675 3632 768 3700 t’otro
789 3632 836 3699 vei
857 3628 967 3700 trorcdi
993 3631 1062 3716 ujus
1082 3627 1253 3699 redimere.
1276 3630 1368 3713 Quod
1389 3628 1417 3698 si
1495 3653 1500 3662 ·

291 3741 367 3812 intra
392 3742 564 3813 terminum
596 3768 659 3814 nou
682 3745 853 3815 redemerit
880 3767 982 3834 usqne
1005 3745 1207 3831 adsequens
1235 3745 1334 3812 Pascat
1369 3747 1420 3812 vet

291 3858 539 3943 i’cnthccosten,
574 3855 729 3950 deinceps
771 3881 835 3929 uon
874 3857 990 3951 poterit
1028 3855 1187 3929 redimere
1231 3878 1332 3948 usque
1378 3857 1419 3928 ad

289 3993 419 4042 aunum.
437 3971 557 4043 Poterit
571 3986 677 4045 autem
704 3972 863 4044 redimere
884 3970 1020 4062 singuiis
1044 3968 1153 4056 annis,
1169 3982 1202 4042 et
1221 3992 1286 4042 oon
1311 3968 1417 4041 aiiter.
1448 4025 1451 4030 ,

290 4087 360 4156 Odo
380 4083 523 4169 dometii,
537 4109 555 4157 a
569 4089 661 4177 cujus
680 4088 774 4159 toodo
794 4085 957 4178 predictus
972 4089 1086 4156 Petrus
1107 4107 1144 4156 se
1158 4083 1285 4157 dicebat
1300 4086 1419 4156 babere

291 4198 544 4290 possessionem,
565 4198 664 4272 voiuit
682 4213 715 4272 ct
743 4198 893 4272 laudavit.
918 4204 1110 4273 duraverunt
1128 4197 1261 4291 insuper
1289 4197 1360 4290 ipse
1386 4210 1419 4271 et

295 4446 313 4456 »—
323 4439 1417 4457 ffl-——o--a——a--u—-u-—ffl—-u-—ua—-ffl

328 4621 335 4656 ¹
355 4619 384 4678 Si
400 4619 508 4677 l’anuee
522 4619 559 4676 du
575 4619 661 4693 reguo
674 4617 709 4676 de
722 4616 808 4676 Louis
822 4615 872 4675 tttt
885 4622 926 4676 ost
940 4623 1042 4676 exacte.
