3420 5490
761 695 941 760 -ttts-

288 824 442 915 impositi,
464 826 592 915 penitus
607 822 775 894 deliberari
792 824 910 894 debere
930 845 968 893 ac
984 819 1135 893 liberatos
1155 844 1229 893 esse
1256 844 1312 913 per
1331 817 1416 891 ordi·

290 935 457 1007 naeiouem
488 933 676 1027 predictam,
703 933 820 1024 quibos
851 933 1052 1006 ordinacioni
1086 947 1118 1004 ct
1152 931 1416 1026 pronunciacioni

288 1073 439 1138 expresse
459 1047 624 1119 consensit
644 1050 729 1118 idem
750 1049 903 1117 dominus
923 1045 1109 1137 episeopus,
1136 1061 1167 1118 et
1187 1045 1417 1128 rationaliter

289 1161 507 1252 comprobavit
520 1165 663 1232 easdem.
686 1164 762 1231 ltem
780 1184 853 1231 cum
877 1173 992 1249 gentes
1013 1157 1114 1250 ipsius
1130 1157 1251 1230 domini
1271 1156 1415 1250 episcopi

289 1276 465 1367 cepissent,
488 1276 717 1376 ntdicebatur,
745 1275 907 1364 quendam
928 1272 1082 1345 clericum
1097 1273 1129 1343 in
1149 1269 1342 1364 appenditiis
1357 1294 1414 1343 seo

290 1387 486 1460 stationariis
508 1393 628 1459 llomus
648 1385 704 1458 lloi
722 1385 973 1469 doroliauensis,
991 1410 1102 1458 uersus
1118 1400 1241 1479 portam
1259 1384 1416 1457 l‘arisien·

291 1529 372 1587 sorar,
403 1504 455 1597 qni
484 1503 661 1596 deliquisse
690 1503 857 1574 dicebatur
883 1501 913 1573 in
935 1501 1021 1575 dicto
1041 1504 1112 1574 loeo
1145 1503 1177 1572 in
1201 1525 1265 1594 quo
1295 1499 1416 1572 dictum

290 1617 463 1709 capitulum
484 1617 702 1688 omnimodam
730 1615 887 1706 justitiam
919 1618 1126 1708 temporalem
1150 1616 1267 1685 babere
1287 1611 1417 1697 elicitur,

292 1732 367 1803 item
392 1746 424 1803 et
444 1735 604 1823 quendam
628 1732 743 1801 laicum
770 1755 826 1822 per
845 1744 958 1821 gentes
977 1727 1088 1823 prelati
1117 1726 1238 1799 domini
1260 1725 1417 1819 episcopi,

293 1859 325 1915 ut
340 1847 555 1929 asserebatur,
579 1859 708 1936 captnru
727 1842 758 1914 iu
779 1842 849 1915 uico
861 1845 902 1916 de
919 1848 1131 1935 borgolloro,
1148 1840 1201 1912 ubi
1218 1840 1419 1934 sepedictum

293 1959 467 2052 capitulum
488 1959 635 2031 similiter
658 1961 878 2031 omnimodam
900 1963 999 2031 lertur
1023 1955 1268 2048 jurisdicionem
1296 1970 1420 2048 tompo-

295 2078 391 2145 ralenr
427 2077 559 2157 babere,
593 2078 732 2165 prelatus
764 2073 869 2145 dictus
901 2073 1089 2167 episcopus,
1119 2075 1179 2144 bos
1208 2076 1292 2145 duos
1325 2094 1421 2143 casos

296 2189 427 2260 minime
453 2192 628 2275 ratifieaus,
655 2212 712 2260 eos
747 2191 877 2280 penitus
900 2188 1075 2274 reuocauit,
1092 2211 1129 2259 ac
1156 2187 1299 2280 precepit
1317 2185 1422 2257 dictos

295 2303 447 2375 clericum
469 2317 500 2374 et
521 2302 635 2374 laicum
657 2302 780 2375 restitui
804 2301 946 2395 eapitulo
967 2303 1167 2394 supradicto.
1196 2301 1262 2374 lliis
1282 2324 1357 2374 uero
1377 2299 1425 2373 sie

296 2421 377 2489 actis
398 2433 607 2490 memoratum
630 2417 804 2510 capitulum
825 2421 864 2488 ab
884 2418 1062 2490 adhesione
1075 2442 1171 2510 quam
1185 2418 1270 2491 dicte
1283 2419 1425 2509 appella·

298 2532 374 2603 tioni
409 2535 568 2604 dictorum
601 2535 903 2604 archidiaconorum
928 2537 1048 2605 lecerat
1074 2531 1198 2605 destitit
1232 2530 1364 2625 penitus
1394 2551 1429 2609 et

296 2645 445 2717 cessarit.
464 2651 575 2717 dotum
597 2645 627 2716 iu
653 2645 739 2717 dieto
771 2648 923 2738 capitolo,
946 2669 1043 2728 auno,
1070 2668 1196 2730 mense,
1228 2647 1292 2733 die,
1321 2646 1428 2718 iudic-

297 2761 382 2831 tioue
403 2775 434 2830 et
454 2760 639 2851 pontificatu
655 2759 820 2851 predictis,
842 2759 1047 2852 presentibus
1068 2759 1146 2830 inibi
1172 2759 1323 2831 discretis
1353 2759 1428 2832 uiris

298 2872 461 2964 magistris
482 2873 669 2956 Benedicta,
692 2875 856 2965 capicerio
883 2874 985 2945 sancti
1014 2873 1097 2946 l'etri
1118 2874 1264 2946 Virorum
1289 2874 1428 2947 Aurelia·

298 2986 420 3070 nensis,
442 3001 474 3057 et
485 2989 618 3057 domino
633 2987 802 3058 Guillelrno
813 2986 941 3071 lnueui,
956 2986 1226 3079 archipresbitero
1239 2986 1427 3074 l‘ituerensi,

297 3113 329 3172 et
356 3099 501 3192 l’lrilippo
532 3103 572 3172 de
601 3099 731 3184 lloucia,
762 3102 896 3186 elerico,
928 3102 1067 3174 testibus
1097 3106 1136 3174 ad
1168 3105 1230 3175 boe
1255 3101 1376 3176 vocatis
1395 3114 1428 3175 et

298 3212 416 3306 rogatis
437 3238 509 3285 euru
531 3214 660 3286 domino
680 3213 835 3307 episeopo
850 3229 881 3287 et
896 3215 1037 3309 capitulo
1056 3216 1261 3310 supradictis.

342 3334 378 3400 Et
396 3353 455 3420 ego
476 3332 664 3401 Guillelnrns
684 3332 724 3401 de
743 3332 1025 3419 lloscocommuui,
1047 3332 1246 3405 senonensis
1272 3331 1426 3418 diocesis,

298 3443 446 3522 clericus,
469 3443 657 3514 anctoritate
682 3459 889 3517 sacrosancte
911 3449 1052 3518 llomaue
1067 3449 1208 3520 ecclesie
1227 3445 1376 3540 publicus
1395 3460 1427 3520 et

299 3556 535 3629 drrreliauensis
551 3555 639 3628 curie
649 3561 806 3643 notarius,
816 3560 982 3651 premissis
995 3564 1126 3652 prelatis
1140 3573 1271 3634 uocatos
1282 3562 1424 3653 interlui,

300 3695 495 3761 pressusque
530 3675 590 3741 boc
629 3671 876 3743 instrumentum
917 3677 1079 3764 publicum
1122 3674 1198 3747 iude
1242 3677 1427 3747 conlectum

300 3787 424 3879 propria
450 3811 545 3855 manu
574 3786 702 3877 scripsi,
736 3799 768 3857 et
798 3787 828 3857 in
855 3792 937 3859 lrauc
965 3789 1123 3880 publicam
1149 3793 1282 3862 lormam
1303 3789 1428 3882 redegi,

301 3924 437 3991 meoque
457 3914 613 3973 consueto
629 3899 722 3991 signo
738 3900 860 3992 signari
882 3917 1024 3994 rogatos.
