3420 5490
775 745 811 754 -
834 711 872 774 83
894 744 934 756 ..

289 836 352 904 iam
368 834 488 917 Emori,
507 854 580 906 cum
605 838 702 905 rebus
720 841 760 905 ad
775 834 906 906 easdem
940 835 1029 905 vitias
1045 835 1293 927 pertinentibus.
1309 841 1416 908 Bene-

290 946 397 1019 deiunr
430 947 527 1020 etiarn
555 951 716 1040 quoddam
748 946 897 1020 dautredt
933 948 1076 1030 comitis,
1109 948 1193 1041 quod
1224 951 1414 1042 jamdudum

288 1061 436 1132 ecetesiae
464 1067 589 1132 Sanctae
609 1061 720 1132 Crucis
736 1067 768 1132 et
788 1064 919 1131 duratio
940 1061 1067 1151 praesuli
1102 1064 1216 1133 eodem
1246 1062 1416 1133 Gaudredo

290 1172 515 1245 consentiente
550 1192 607 1265 per
636 1172 804 1264 scripturn,
834 1171 1029 1264 ubicumque
1065 1175 1208 1245 locorum
1248 1175 1344 1245 situm
1358 1173 1415 1257 sit,

290 1287 376 1375 quod
397 1308 453 1377 per
473 1309 587 1357 manus
616 1296 743 1357 nostras
762 1293 898 1357 'actenus
931 1284 1098 1358 videbatur
1117 1287 1235 1359 trahere
1271 1287 1303 1357 iu
1320 1289 1417 1359 bene·

291 1399 413 1482 tioium,
432 1421 519 1470 naanc
538 1406 645 1470 autent
666 1399 763 1492 regati
789 1410 949 1492 praecepto
966 1395 1151 1470 irabcndum
1187 1396 1350 1474 auciutizo
1383 1399 1416 1473 tn

291 1523 494 1606 perpetuum.
513 1516 642 1586 Leodiae
676 1536 805 1606 qnoque
837 1513 926 1585 sitne
960 1513 1173 1603 uenationem,
1213 1513 1297 1587 sicui
1328 1514 1417 1590 arte-

290 1649 440 1700 ccssores
455 1629 527 1720 ejus
541 1626 598 1699 visi
618 1638 694 1699 suut
724 1627 888 1712 habuisse,
920 1627 1025 1700 eidem
1047 1643 1167 1700 saneta
1200 1629 1292 1701 matti
1312 1628 1418 1703 eccle*

290 1737 346 1812 siae
365 1743 484 1813 trabere
503 1743 661 1825 concedo,
692 1744 825 1833 ejrrsqna
856 1744 1019 1823 venabula,
1042 1754 1098 1834 per
1125 1762 1196 1814 eam
1225 1743 1297 1815 siue
1338 1743 1420 1814 diia-

292 1855 379 1926 tione
408 1879 536 1927 currere
573 1853 700 1927 cunctis
738 1847 853 1928 diebus
882 1854 1056 1928 auctorizo.
1094 1853 1283 1930 uouastetia
1322 1856 1419 1950 igitur

291 1984 479 2052 memorata,
519 1983 551 2041 et
589 1973 700 2057 cottas,
723 1964 890 2060 villasque,
923 1983 1000 2042 cunr
1030 1970 1133 2043 alodis
1165 1971 1364 2060 memoratis,
1386 1973 1419 2044 e't

291 2109 365 2157 cunr
386 2085 536 2155 omnibus
557 2085 654 2155 rebus
673 2090 705 2156 ut
726 2082 895 2177 mancipiis
932 2088 971 2156 ad
1011 2096 1046 2158 se
1077 2085 1324 2179 pertinentibus,
1345 2105 1418 2178 quae

286 2202 358 2292 jure
382 2208 414 2271 et
433 2196 577 2290 legaiiter
608 2200 704 2268 modo
738 2199 945 2291 praescriptus
965 2212 1071 2271 rector
1109 2203 1260 2273 ecclesiae
1294 2202 1418 2293 absquo

291 2312 394 2405 atique
417 2311 628 2404 itrqnietudite
659 2311 804 2403 possidet
832 2336 869 2383 ac
889 2311 1086 2404 disponitt,
1113 2328 1222 2385 nostra
1245 2313 1341 2406 regati
1362 2329 1418 2407 po-

291 2441 406 2500 testate
426 2451 481 2519 per
501 2431 562 2499 iroc
593 2425 772 2498 altitudinis
804 2439 999 2520 praeceptum
1028 2425 1133 2500 eidem
1163 2431 1269 2500 denuo
1302 2433 1420 2501 condr-

292 2566 417 2614 nramus
435 2541 594 2614 ecclesiae.
616 2541 781 2632 Siquidem
811 2545 983 2613 statuendo
1021 2545 1062 2614 de
1090 2541 1185 2614 nonis
1205 2558 1237 2615 'ot
1269 2543 1418 2627 decimis,

292 2658 481 2728 otrestde
518 2654 671 2727 comitatu
711 2658 927 2739 exsolvantur,
968 2655 1053 2727 sicut
1084 2655 1114 2726 iu
1137 2655 1367 2746 capitularibus
1387 2664 1418 2730 et

289 2771 460 2861 praeceptis
480 2788 590 2859 regum
607 2769 764 2839 insertum
785 2783 845 2838 est.
874 2768 997 2839 Obtulit
1015 2769 1135 2841 interea
1147 2769 1322 2861 jamdictus
1339 2788 1417 2862 prae·

290 2885 338 2952 sui
356 2881 547 2952 uenerabilis
578 2880 744 2951 obtutibus
766 2880 886 2951 nostris
913 2882 1121 2952 auctoritates
1145 2881 1369 2967 immunitatis,
1386 2885 1418 2953 iu

289 2994 406 3085 quibus
421 2997 577 3065 insertum
614 3007 682 3065 erat
711 2997 797 3083 quod
831 3004 1055 3066 antecessores
1071 2996 1186 3079 nostri,
1208 2995 1418 3087 imperatores

290 3108 438 3179 videlicet
458 3121 490 3178 et
508 3130 600 3199 reges
625 3111 833 3190 Frarrcotum,
864 3106 1033 3178 ecclesiam
1055 3112 1180 3178 Sanctae
1201 3107 1311 3180 Crucis
1342 3128 1416 3180 cum

291 3223 443 3290 omnibus
462 3223 559 3292 rebus
588 3222 627 3290 ad
658 3232 728 3290 cani
762 3219 998 3309 pertinentibus
1018 3223 1079 3290 sub
1107 3231 1168 3290 suo
1188 3219 1365 3292 munimine
1385 3233 1416 3292 e't

290 3334 482 3404 defensioue
501 3345 586 3402 staro
606 3331 769 3402 iecissent.
793 3334 881 3403 Unde
909 3346 941 3402 et
970 3344 1031 3402 uos
1061 3349 1172 3404 eoram
1204 3342 1327 3405 tuorem
1365 3347 1417 3405 se·

292 3456 442 3536 quentes,
462 3455 495 3516 et
515 3443 685 3516 uenerandi
721 3447 868 3536 praesuiis
888 3442 1104 3535 peticionibus
1124 3431 1371 3536 acquiescentes
1389 3452 1416 3531 ¹,

293 3562 491 3631 trocnostrae
529 3558 741 3630 immunitatis
774 3570 969 3651 praeceptum
1004 3575 1061 3650 pro
1098 3558 1205 3630 diuino
1238 3571 1347 3632 amore
1385 3568 1418 3632 et

293 3683 411 3743 nostre
432 3672 576 3743 remedio
595 3671 711 3742 animae
731 3675 769 3742 ad
793 3672 896 3763 ipsam
912 3676 1062 3742 Sanctam
1083 3674 1199 3743 Sedent
1218 3672 1285 3743 deri
1301 3674 1416 3744 decre·

294 3783 421 3870 rimus,
443 3806 499 3875 per
534 3785 619 3875 quod
648 3782 743 3874 regali
777 3784 967 3856 auctoritate
1005 3784 1212 3876 penctptnns
1243 3795 1278 3855 ut
1310 3787 1418 3857 uuiius

292 3898 485 3981 vicecomes,
507 3908 611 3989 neque
633 3897 715 3968 atius
731 3903 740 3942 ¹
756 3899 1028 3991 publicusjudcr,
1056 3908 1110 3970 aut
1146 3890 1261 3991 aiiqnis
1281 3916 1318 3971 ert
1332 3898 1418 3991 jttdi-

292 4010 385 4083 ciaria
407 4022 580 4106 potestate,
606 4009 637 4082 in
668 4011 837 4096 ecelesias,
877 4015 946 4085 ioca
978 4016 1027 4084 tei
1047 4025 1156 4104 agros,
1186 4037 1244 4086 seu
1275 4017 1418 4106 retiquas

292 4126 518 4217 possessiones
553 4142 633 4217 quae
668 4129 708 4196 ab
742 4128 886 4217 antiquis
930 4126 1133 4217 temporibus
1164 4130 1212 4199 tet
1252 4128 1417 4200 modernis

292 4238 371 4310 inira
392 4239 578 4311 ditionemu
608 4239 697 4330 regui
719 4239 819 4310 nostri
840 4241 872 4308 iu
907 4242 1107 4330 qtribnsdbet
1137 4240 1227 4331 pagis
1258 4245 1305 4313 nei
1327 4241 1417 4331 terri-

296 4469 883 4481 §mm—..-

329 4637 453 4689 XXXtX.
471 4663 503 4676 -
515 4653 543 4704 q.
559 4637 673 4690 obeunt.
695 4665 718 4674 -
737 4651 758 4687 r.
775 4637 824 4689 ita.
839 4665 871 4678 -
888 4652 910 4688 e.
928 4637 1148 4705 adquiescentes.
1167 4666 1199 4679 -
1219 4645 1239 4692 t.
1260 4639 1372 4706 aliquis.
1390 4663 1421 4680 -

294 4729 331 4765 u.
348 4717 501 4769 diodonem·
