3420 5490
766 674 941 738 -198-

291 798 414 871 tudinis
434 800 586 870 lectulum
601 795 790 885 decidisset,
818 819 879 868 uos
899 811 933 868 et
955 795 1091 869 dilectos
1110 796 1143 868 iu
1164 794 1293 869 cbristo
1313 801 1421 893 liugo-

292 937 365 986 ucru
390 916 430 985 de
450 910 587 983 Feritate
604 926 636 983 et
663 913 866 1003 llatlulpbum
895 914 1038 982 llarenclr
1063 909 1248 983 testamenti
1275 911 1326 984 sui
1344 934 1421 985 exe·

287 1038 418 1100 colores
438 1024 619 1109 constituit,
649 1024 692 1095 ita
717 1027 802 1116 quorl
823 1023 850 1095 si
870 1046 985 1095 ornnes
1005 1047 1069 1096 uon
1091 1047 1262 1117 possemus
1285 1028 1417 1113 adesse,
1461 1042 1467 1054 ·

289 1143 354 1209 duo
375 1152 537 1220 nostrum,
552 1139 698 1208 absentia
727 1134 816 1205 tercii
838 1158 902 1206 uon
932 1136 1139 1220 obstante,io
1159 1139 1344 1227 exequenda
1365 1160 1420 1209 er·

289 1263 389 1321 trema
406 1249 617 1341 procederent
633 1249 809 1316 voluntate.
827 1248 905 1314 Corn
926 1244 1022 1336 igitur
1047 1260 1177 1339 propter
1195 1248 1257 1317 boc
1276 1246 1419 1319 Aurelia·

288 1359 339 1431 uis
355 1381 415 1431 uos
430 1372 464 1430 ct
483 1360 636 1429 nadulfus
656 1361 778 1427 llarcus
794 1358 830 1426 in
860 1360 978 1427 Sancte
998 1356 1110 1427 Crucis
1138 1355 1281 1449 capitulo
1300 1380 1418 1431 courc-

288 1473 466 1556 oissernus,
487 1472 572 1544 idern
592 1472 747 1543 lladullus
763 1473 877 1543 domos
896 1472 1084 1542 claustrales
1104 1484 1136 1544 et
1146 1479 1285 1564 quatuor
1303 1470 1413 1547 riusa·

287 1611 358 1661 rum
374 1599 519 1680 arpenta,
554 1588 637 1677 apud
667 1584 769 1659 Vilers
806 1584 882 1669 sita,
902 1583 964 1656 sibi
995 1584 1027 1655 iu
1059 1583 1270 1658 elemosina·
1299 1590 1415 1661 collata

288 1702 391 1775 luisse
410 1705 450 1773 ab
470 1699 541 1793 ipso
562 1700 742 1781 lluclrardo,
769 1721 831 1790 quc
852 1698 938 1771 idern
965 1700 1152 1771 Buclrardus
1172 1698 1265 1771 titulo
1281 1699 1421 1794 emptio·

292 1816 521 1907 nisbabuerat,
542 1814 763 1906 proponebut3
784 1814 926 1885 ‹lecanus
941 1825 1047 1886 auteur
1067 1826 1100 1885 et
1111 1814 1286 1907 capitulum
1302 1817 1421 1889 Sancte

293 1929 406 2002 Crucis
441 1927 474 1998 iu
503 1931 700 1999 contrarium
735 1930 914 2017 allegabant
944 1929 1059 2000 domos
1089 1929 1220 2001 easdem
1246 1942 1279 2000 et
1310 1928 1422 2004 uineas

291 2043 353 2116 sibi
368 2046 408 2114 de
429 2045 591 2114 voluntate
606 2039 706 2134 ipsius
721 2040 875 2111 llucbanli
896 2040 1051 2132 obligatas
1071 2063 1130 2133 pro
1150 2042 1359 2134 quadraginta
1372 2041 1415 2114 li-

293 2157 359 2228 bris
379 2154 603 2248 parisiensium
620 2154 816 2245 quasrlictus
830 2157 1017 2225 lluclrardus
1035 2153 1084 2225 eis
1103 2176 1162 2246 pro
1180 2159 1271 2226 bruta
1290 2155 1417 2230 flaciaci

293 2271 417 2339 soluere
449 2270 629 2350 tenebatur,
661 2269 819 2338 addentes
843 2269 929 2359 quod
962 2270 1126 2359 scpelatus
1150 2270 1339 2341 lluclrarrlus
1357 2291 1420 2363 pro

292 2381 464 2453 venerabili
489 2380 731 2470 consanguineo
750 2393 861 2452 nostro
888 2382 1062 2474 ll[ugoncl,
1080 2384 1242 2472 quondam
1263 2384 1422 2477 episcopo

287 2493 540 2587 Durnclor[ensil,
570 2507 681 2585 patruo
708 2518 781 2579 suo,
802 2517 838 2565 sc
857 2494 1080 2566 constituisset
1112 2498 1145 2564 in
1179 2518 1306 2568 sumna
1325 2511 1417 2569 octo-

290 2607 376 2698 giuta
398 2628 577 2676 marcarum
596 2605 718 2693 argcuti
738 2611 855 2676 Sancte
875 2605 986 2675 Crucis
1006 2605 1145 2697 capitulo
1159 2605 1349 2696 debitorem,
1371 2609 1417 2681 si·

294 2736 469 2792 cutcoram
485 2718 657 2790 venerabili
687 2718 818 2789 domino
843 2732 875 2790 et
899 2722 993 2790 lratrc
1020 2733 1131 2791 nostro
1164 2718 1343 2818 ll[enrico],
1369 2722 1421 2795 lli·

297 2832 450 2905 turiccnsi
471 2831 727 2925 archiepiscopo,
749 2846 780 2903 ct
806 2853 913 2903 coraru
934 2833 1029 2903 nobis
1050 2855 1104 2925 per
1126 2844 1240 2918 testes,
1258 2832 1346 2907 omui
1365 2858 1420 2908 er·

292 2948 441 3041 ceptione
455 2949 609 3038 majores,
631 2947 689 3017 luit
707 2947 832 3018 cercius
851 2950 1075 3039 approbarunt.
1094 2950 1157 3019 Sctl
1179 2964 1212 3020 et
1231 2947 1277 3020 uir
1297 2949 1414 3025 nobilis

290 3086 401 3136 comes
422 3061 507 3134 llarri
527 3077 557 3132 ct
578 3064 618 3133 «lc
633 3066 772 3133 l‘utcaco
786 3063 948 3149 dominns,
964 3061 1041 3133 dicti
1058 3062 1215 3134 llucbartli
1231 3086 1346 3157 nepos,
1360 3068 1422 3139 rlo·

293 3200 365 3249 mos
385 3177 473 3268 ipsas
501 3192 531 3246 ct
554 3175 662 3246 uineas
685 3179 724 3245 arl
754 3198 789 3245 se
807 3178 879 3266 juro
910 3175 1103 3246 hereditario
1128 3179 1295 3248 devolutas
1327 3178 1419 3250 etli-

293 3312 384 3359 ucrso
399 3286 607 3359 constancius
627 3290 804 3357 asserebat.
826 3290 871 3357 Ne
886 3310 963 3378 crgo
982 3290 1133 3357 lladullus
1161 3291 1294 3376 llarens,
1326 3301 1423 3361 tosta·

293 3401 392 3472 menti
409 3403 579 3471 uobiscum
608 3401 692 3469 sicut
712 3400 900 3470 dictumest
919 3414 1081 3481 executor,
1099 3400 1218 3472 actoris
1247 3424 1420 3494 persona·

293 3512 452 3606 etjrrdicis
470 3535 581 3603 gerere
602 3511 773 3594 rideretur,
796 3526 859 3582 tarn
880 3511 949 3604 ipsc
967 3515 1121 3585 llarlullus
1135 3536 1233 3605 quatu
1251 3538 1363 3589 conce
1381 3514 1416 3589 in

295 3650 355 3699 nos
374 3648 472 3718 super
487 3630 549 3696 boc
566 3624 871 3717 compromiserunt,
887 3639 919 3698 et
933 3630 1017 3718 quod
1033 3640 1179 3699 nostrum
1201 3626 1233 3699 in
1253 3643 1342 3721 parte
1361 3632 1425 3705 bac

295 3741 427 3813 llrrnitcr
453 3744 679 3813 observaretur
715 3742 898 3824 arbitrium,
934 3743 1122 3836 interposita
1153 3742 1329 3817 cbristiauc
1348 3748 1424 3819 utet

295 3857 462 3949 religiono,
484 3862 659 3956 lirruaruut.
684 3855 900 3947 intelligentes
935 3856 1030 3948 igitur
1062 3882 1099 3929 et
1137 3861 1269 3951 publico
1302 3858 1423 3933 iustru-

296 3986 405 4044 rueuto
424 3971 580 4043 lluclrartli
603 3974 687 4063 quon
702 3970 787 4042 irlcrn
809 3975 996 4043 llncbarrlus
1017 3996 1073 4064 pro
1097 3976 1188 4045 lirruu
1205 3973 1332 4047 bluciaci
1369 3998 1423 4050 ca·

297 4089 397 4181 pitulo
417 4092 533 4159 Sancto
554 4088 664 4157 tlrucis
680 4092 727 4157 lt.
748 4086 845 4158 libras
867 4085 1053 4178 parisiensis
1074 4102 1201 4159 trrrructc
1221 4092 1373 4176 deberet,
1390 4106 1425 4164 et

295 4204 438 4295 quinque
461 4200 586 4272 irlorreis
604 4202 753 4284 tostinus,
773 4199 925 4291 oninique
944 4199 1131 4293 exceptiouc
1151 4202 1343 4293 majoribus,
1369 4206 1425 4297 p'u·

296 4328 441 4385 ramento
462 4312 595 4403 prestito
616 4312 858 4403 perhibentibus
872 4315 957 4402 quod
975 4311 1139 4402 octogiuta
1164 4336 1343 4385 ruurcaruut
1365 4339 1426 4408 pro

297 4440 408 4519 patruo
427 4448 488 4494 suo
514 4446 551 4493 se
585 4422 805 4493 constituisset
838 4422 981 4514 prerlicto
1008 4422 1149 4514 capitulo
1172 4426 1366 4513 debitorem,
1383 4428 1425 4501 tle

297 4541 491 4633 prudentum
503 4535 787 4608 virorumcousilio
798 4535 902 4625 ipsum
915 4537 1424 4629 lllucbartluru]capituloSanctc

296 4651 407 4724 Crucis
437 4651 470 4723 in
499 4673 624 4723 suurrna
646 4652 856 4722 ducentarum
891 4648 1041 4721 librarum
1074 4663 1204 4724 urouete
1233 4650 1423 4743 parisiuuuis
