3420 5490
764 720 943 786 -ddb—

289 850 397 922 divine
427 849 555 940 pietatis
587 848 702 919 iutuitu
722 861 754 920 et
773 851 849 940 quia
869 846 930 940 juri
951 871 1133 922 consonum
1155 850 1293 935 ridetur,
1307 852 1417 924 omui·

290 968 349 1033 bus
371 963 558 1054 presbiteris
579 964 833 1053 parroobiabibus
850 962 883 1032 iu
903 964 1062 1034 decanatu
1078 965 1300 1036 bureiiaueusi
1320 989 1416 1038 cous·

288 1077 390 1148 titutis
410 1091 442 1149 et
459 1100 569 1149 eorum
582 1074 1046 1148 successoribuscoucedimus
1060 1075 1091 1146 iu
1107 1090 1297 1169 perpetuum
1310 1083 1412 1171 quod,

288 1196 556 1285 quandocumque
578 1189 667 1282 ipsos
698 1194 856 1264 decedere
888 1190 1074 1281 contigerit,
1108 1191 1212 1264 uineis
1249 1192 1318 1265 suis
1347 1196 1414 1285 jam

289 1330 363 1379 cum
380 1305 515 1378 fossorio
531 1320 563 1377 ct
582 1329 674 1397 sarpa
695 1305 798 1388 tactis,
816 1307 856 1376 de
868 1306 1025 1376 dructibus
1044 1303 1170 1377 idaeum
1190 1308 1414 1380 detunctorum

290 1424 540 1516 presbiterorum
575 1421 682 1493 debita
721 1423 958 1513 persolvantur,
997 1419 1024 1491 si
1061 1419 1142 1492 adias
1166 1423 1208 1493 de
1241 1421 1415 1494 mobilibus

289 1541 476 1611 eorumdem
494 1539 573 1610 sobri
589 1561 652 1607 uon
669 1548 817 1629 possent.
835 1537 869 1607 si
892 1557 967 1607 reru
989 1532 1107 1606 debitis
1120 1534 1253 1627 obligati
1271 1560 1336 1609 unu
1350 1540 1416 1610 due

290 1654 366 1737 rint,
388 1652 520 1744 predicti
550 1657 671 1723 tructus
701 1652 741 1721 de
762 1649 897 1722 considio
917 1650 1033 1720 decani
1051 1673 1108 1742 per
1127 1672 1242 1722 manus
1266 1665 1415 1724 executo-

290 1791 359 1839 rum
381 1792 511 1838 suerum
532 1768 564 1837 iu
586 1766 754 1837 utilitatem
783 1766 1053 1856 presbiteratuum
1074 1775 1350 1846 converterentur,
1372 1765 1414 1837 ita

291 1896 397 1953 tamen
419 1885 503 1973 quod
525 1906 581 1972 pre
604 1880 767 1951 defunctis
796 1877 984 1972 presbiteris
1006 1881 1082 1949 ssant
1102 1877 1266 1951 orationes
1300 1880 1416 1951 diebus

291 1995 475 2079 dominicis,
494 2009 588 2086 prout
608 1994 706 2064 moris
722 2007 783 2076 est,
806 1992 836 2062 iu
851 1991 920 2063 suis
939 1989 1101 2077 ecclesiis,
1122 2005 1154 2063 et
1169 1991 1417 2083 ipsorumauni-

292 2109 428 2181 uersaria
446 2108 608 2179 aunuatim
629 2108 659 2177 iu
681 2107 759 2198 ipsis
774 2107 926 2178 ecciesiis
944 2109 1162 2177 celebrentur.
1176 2109 1209 2176 dn
1230 2109 1292 2178 boc
1305 2120 1414 2178 autem

292 2222 566 2294 consideravimus
586 2221 752 2292 utilitatem
779 2219 989 2292 ecclesiarum
1016 2217 1262 2309 parrochiabium
1281 2218 1413 2292 euiden-

293 2350 369 2420 tum,
392 2353 425 2406 ut
443 2340 481 2407 ad
496 2336 635 2428 ipsarum
650 2335 858 2408 ecclesiarum
881 2334 990 2405 vincas
1009 2336 1202 2406 excudendus
1215 2348 1246 2406 ct
1269 2336 1351 2407 bene
1371 2337 1415 2406 sa-

292 2452 422 2524 cieudas
442 2452 656 2546 parrucbiaies
673 2450 839 2544 presbiteri
861 2450 985 2524 {acidius
1007 2463 1232 2544 prrouoccutur.
1260 2456 1293 2523 br
1321 2454 1414 2545 crrjus

292 2569 334 2640 rei
356 2570 540 2641 memoriam
557 2585 589 2642 et
618 2569 782 2641 munimen
805 2568 913 2661 sigillo
935 2581 1047 2640 nostro
1075 2569 1211 2640 fecimus
1231 2581 1414 2660 presentem

291 2685 427 2755 litteram
448 2682 591 2775 sigillari.
627 2689 742 2755 Datum
770 2687 801 2754 in
828 2683 968 2775 capituto
998 2684 1157 2774 generali,
1178 2706 1263 2755 auno
1284 2683 1412 2756 Domini

291 2803 389 2866 bttlssb
423 2822 521 2880 nouo,
545 2803 577 2866 iu
599 2798 773 2869 crastiuum
794 2797 1000 2869 limitationis
1026 2809 1138 2867 sancte
1155 2796 1279 2880 Crucis,
1301 2820 1415 2870 meuse

291 2911 479 3002 septembri.

799 3287 908 3349 ccclv

711 3588 890 3654 Decembre
917 3587 996 3654 rste

287 3837 354 3890 teau
370 3835 405 3888 de
420 3834 629 3891 Sciet-brisson
645 3852 786 3908 approure
801 3836 827 3891 la
851 3840 930 3890 rente
950 3850 1001 3908 per
1019 3850 1072 3891 sorr
1085 3835 1177 3891 vesu!
1193 3836 1262 3891 Jesu
1288 3834 1417 3891 Gerneut

326 3931 545 3986 ustiure-croix
568 3930 604 3986 de
624 3949 654 3987 sa
668 3932 743 3986 dtme
768 3931 803 3988 de
829 3929 874 3987 bie
889 3931 967 3988 etde
995 3931 1039 3987 riu
1053 3930 1125 3987 dans
1146 3930 1188 3988 les
1213 3930 1353 4004 parsisses
1380 3931 1416 3990 de

329 4029 629 4086 Nouan-sur-Loireet
644 4029 679 4084 de
694 4028 811 4085 bduides.

527 4176 613 4248 (θεὶς.
630 4193 653 4230 s.
669 4177 764 4249 parcb.
782 4175 866 4232 Arcb.
884 4174 923 4232 du
938 4173 1043 4248 Loiret,
1057 4177 1091 4234 d.
1105 4176 1181 4251 356.)

336 4393 494 4465 Omnibus
526 4409 693 4484 presentes
714 4394 835 4467 litteras
855 4392 1049 4487 inspecturis
1062 4396 1225 4467 lebannes
1244 4397 1284 4468 de
1298 4399 1415 4469 Sancto

294 4509 449 4597 dtricionc,
484 4509 588 4597 uides,
611 4513 745 4582 satutem
769 4509 800 4581 iu
821 4512 971 4581 Domino.
991 4507 1140 4582 Noreriut
1168 4508 1307 4583 uniuersi
1326 4513 1414 4604 quud

290 4649 362 4695 curn
376 4628 550 4712 lebannes,
574 4625 679 4696 dictus
696 4633 871 4710 (temnant,
887 4639 920 4696 et
933 4624 1046 4709 Giieta,
1064 4627 1133 4716 ejus
1154 4647 1244 4711 uror,
1262 4626 1416 4698 uendide-

294 4738 356 4810 riut
384 4740 618 4811 uenerabilibus
650 4738 724 4811 uiris
748 4740 872 4812 decano
905 4750 938 4811 et
968 4737 1108 4836 capituto
1133 4737 1416 4813 Aurelianensibus
