3420 5490
735 759 773 771 -
795 725 855 788 ssu
882 756 913 769 --

264 858 383 943 Syroon
406 851 573 937 Vosarius,
603 851 735 933 mitites‚
757 852 963 939 fidejussores
985 870 1041 940 per
1060 848 1156 919 fldem
1176 847 1297 921 astricti
1318 847 1398 920 erti-

266 976 384 1035 terunt.
420 967 453 1033 tn
488 965 582 1054 cujus
614 961 658 1034 rei
693 959 881 1033 memoriam
915 975 946 1031 et
982 959 1201 1031 testimonium
1229 975 1397 1053 presentes

267 1076 392 1148 litteras
422 1078 460 1147 ad
491 1075 734 1167 requisitionem
766 1073 901 1166 partium
941 1072 1037 1165 sigilii
1077 1073 1178 1145 nostri
1219 1073 1397 1152 munimine

268 1189 402 1262 tecimus
436 1189 591 1262 roborari.
635 1195 747 1261 ttctum
788 1212 875 1261 anno
911 1187 1040 1261 Domini
1075 1192 1244 1260 uccxxx-
1267 1201 1394 1281 quarto,

269 1327 381 1376 mense
400 1327 495 1377 maro.

745 1676 920 1740 ccxxxttt

756 1956 816 2018 Mai
832 1955 911 2021 tros

271 2207 377 2264 Giraud
402 2209 437 2264 de
458 2208 609 2275 notarius,
631 2225 741 2266 comme
763 2209 866 2266 second
881 2209 1023 2279 seigneur,
1048 2227 1190 2283 approure
1213 2209 1239 2267 la
1262 2210 1395 2271 donatiotr

325 2305 391 2360 suite
406 2320 457 2377 par
473 2305 598 2378 l'drdque
613 2306 742 2379 Philipps
759 2323 794 2363 au
809 2307 936 2379 chapitre
951 2307 988 2364 du
1004 2308 1055 2364 ssed
1065 2308 1100 2365 de
1113 2307 1341 2367 Vittiersrnartin.

336 2452 425 2526 (ttriq.
439 2468 489 2510 sur
504 2453 599 2527 pmcn.
616 2453 698 2512 drch.
713 2454 751 2511 du
765 2454 869 2525 loiret,
885 2457 918 2512 G.
933 2453 1006 2525 3tt;
1021 2455 1147 2511 mention
1161 2454 1334 2528 Scriptum).

317 2671 479 2743 Universis
495 2685 662 2762 presentes
683 2671 804 2743 litteras
826 2671 1035 2763 inspecturis,
1056 2677 1184 2755 Petrus,
1199 2670 1397 2743 archidiaco-

271 2807 333 2855 nus
349 2783 563 2874 Stampensis,
585 2788 722 2855 satutem
741 2783 772 2854 in
793 2785 943 2855 [turnino.
965 2785 1115 2856 Noveriut
1141 2783 1281 2855 universi
1309 2786 1395 2875 qnod

272 2897 417 2968 Giratdus
438 2900 477 2968 de
499 2897 672 2981 Poonuitta,
696 2898 727 2967 iu
749 2911 856 2968 nostra
877 2897 1073 2968 constitutus
1101 2899 1274 2987 presentia,
1296 2899 1397 2968 dona-

272 3011 390 3082 tionem
412 3011 496 3083 teodi
515 3010 640 3082 Vitiaris
657 3010 777 3084 Martini
799 3035 817 3083 a
836 3010 1007 3083 venerabili
1027 3011 1092 3083 viro
1111 3011 1272 3104 Phiiippo,
1292 3035 1396 3102 quon·

271 3129 343 3196 dam
373 3125 527 3219 episcopo
546 3126 765 3199 Aureliancosi
798 3129 882 3198 irone
915 3126 1083 3209 memorie,
1114 3129 1227 3198 tactam
1257 3113 1396 3199 ecclesie

271 3247 387 3312 Sancte
410 3241 521 3312 Crucis
549 3240 646 3311 votuit
664 3255 695 3311 et
716 3241 854 3310 tundauit
871 3254 1032 3326 tamquam
1053 3252 1217 3312 secundus
1243 3238 1395 3311 dominus

272 3355 355 3424 toodi
380 3355 566 3443 supradicti,
590 3353 668 3423 etsi
695 3357 776 3423 torte
798 3352 913 3442 aliquis
932 3375 968 3423 se
987 3356 1116 3424 offerret
1140 3352 1193 3443 qui
1218 3376 1255 3425 sc
1274 3351 1395 3424 diceret

273 3491 347 3540 esse
386 3469 564 3538 secundum
594 3466 758 3536 dominum
790 3465 874 3537 iltius
902 3465 1000 3549 teudi,
1030 3463 1135 3537 dictus
1155 3471 1192 3536 G.
1233 3479 1396 3538 teneretur

271 3595 381 3654 contra
408 3580 496 3651 ittum
514 3595 546 3652 et
570 3594 681 3651 contra
701 3604 815 3652 omnes
835 3581 907 3652 ittos
926 3579 980 3672 qui
1001 3603 1037 3651 se
1056 3582 1219 3652 secundos
1246 3578 1396 3673 dominos

269 3696 414 3785 jamdicti
435 3694 519 3765 teudi
543 3696 690 3764 dicerent
707 3693 865 3783 garantire
882 3707 1041 3782 tamquam
1063 3695 1228 3764 secundus
1245 3691 1397 3762 dominns

272 3809 399 3878 tendum
423 3804 647 3898 sepedictum
670 3804 815 3896 promisit
834 3806 929 3875 etium
950 3805 1138 3896 sepedictus
1162 3809 1199 3874 G.
1220 3808 1306 3896 quot
1327 3804 1397 3897 ipse

272 3945 328 4011 pro
349 3942 446 4010 posse
465 3942 525 3990 suo
551 3932 582 3991 et
599 3921 680 3989 bona
701 3921 763 3990 tide
784 3932 969 4010 procuraret
990 3942 1065 4010 erga
1085 3922 1199 3991 tratres
1224 3932 1256 3991 et
1268 3941 1397 3991 sorores

273 4032 407 4117 nabide,
435 4031 541 4103 uxoris
568 4055 637 4112 suc,
656 4033 719 4103 titie
741 4031 905 4124 Ragiuatdi
927 4035 966 4104 de
986 4035 1097 4104 tttoeto
1117 4036 1201 4104 boue
1228 4031 1395 4117 memorie,

272 4151 356 4240 quod
374 4145 591 4239 supradictum
616 4149 744 4217 feodum
761 4146 791 4216 io
814 4159 933 4237 partem
955 4170 1045 4217 suam
1067 4147 1209 4230 cederet,
1235 4147 1397 4236 quamcito

274 4264 311 4330 ad
325 4284 430 4331 annus
445 4259 620 4349 legittimus
637 4258 713 4330 dieti
728 4259 816 4350 pueri
838 4258 1052 4349 pervenerint,
1066 4271 1097 4328 et
1116 4261 1178 4329 troc
1189 4259 1288 4336 idem,
1311 4257 1398 4329 sciti·

274 4388 324 4444 cet
351 4374 437 4464 quod
457 4375 580 4442 dictum
598 4373 728 4442 teodom
750 4374 783 4441 iu
804 4384 926 4461 partem
947 4370 1106 4463 sepedicti
1122 4376 1159 4441 G.
1180 4373 1324 4453 cederet,
1345 4394 1398 4442 vo·

274 4487 332 4559 tuit
351 4500 383 4559 et
404 4486 567 4559 concessit
585 4501 616 4559 et
636 4486 797 4560 tidueiatit
814 4487 845 4558 in
861 4510 959 4559 manu
979 4499 1087 4559 nostra
1108 4487 1264 4569 Rudinus,
1280 4485 1399 4580 primo·

276 4603 405 4696 genitus
442 4604 580 4678 fitiorum
614 4603 787 4698 supradicti
829 4603 994 4699 neginatui
1025 4607 1065 4675 dc
1096 4605 1220 4676 uincto.
1252 4606 1286 4678 Si
1324 4624 1399 4676 vcro

276 4723 381 4797 dictus
415 4729 451 4793 G.
485 4721 643 4815 predictas
675 4724 907 4794 conventiones
940 4744 1003 4791 non
1031 4721 1229 4805 observares
1251 4722 1299 4793 ret
1334 4742 1402 4795 non
