3420 5490
776 684 805 694 -
826 647 886 713 32⁸
908 685 944 694 -

293 773 438 863 Dpouisii
460 773 583 855 mriitis,
612 788 714 844 totum
735 772 920 843 dotalicium
948 795 1042 844 suum
1068 774 1153 863 quod
1176 775 1314 844 ttabcbut
1332 776 1417 865 apud

292 888 522 969 ditumuidare,
553 888 638 977 quod
658 883 787 975 quidem
813 885 842 955 ei
867 884 997 956 dedisse
1018 883 1185 955 dicebatur
1214 887 1358 957 datheus
1376 886 1418 959 dc

291 998 478 1081 Attoudtari
495 1013 629 1068 mantus
645 1000 807 1088 quondam
822 1020 914 1081 suus,
931 997 1059 1069 ditectis
1079 996 1152 1068 ttiiis
1171 1001 1296 1069 decano
1315 1012 1348 1069 et
1366 1020 1419 1069 ca·

290 1112 391 1203 pitulo
406 1110 625 1181 dtrretianeusi
645 1132 753 1180 coram
772 1110 865 1180 nodis
881 1109 1022 1181 tettdidit
1037 1126 1069 1181 ot
1083 1109 1217 1201 quitavit
1231 1114 1293 1181 sub
1307 1108 1434 1203 precio

290 1221 460 1294 duodecim
481 1222 631 1292 librarum
653 1220 876 1313 parisiensium
895 1221 1031 1313 singuiis
1056 1220 1149 1293 aunis
1169 1221 1323 1313 quamdiu
1343 1246 1417 1314 prc-

290 1334 374 1405 dicta
387 1334 538 1426 Dyonisia
560 1333 669 1405 vixerit
689 1333 794 1406 eidem
815 1338 863 1405 uel
877 1337 945 1426 ejus
958 1350 1046 1407 certo
1067 1334 1187 1406 nuncio
1205 1334 1415 1431 dureiliauir]

289 1447 321 1519 in
339 1452 421 1519 testo
434 1448 536 1519 sancti
552 1447 687 1539 Remigii
702 1451 942 1531 sotremtornm,
956 1452 1017 1519 sui)
1037 1472 1118 1542 pena
1133 1449 1279 1522 videlicet
1299 1452 1414 1523 decern

290 1561 466 1649 solidorum
492 1560 593 1633 sidio
618 1561 669 1632 ida
696 1577 854 1654 pretaxato
874 1586 999 1633 summa
1029 1586 1093 1633 non
1118 1562 1212 1635 suerit
1236 1567 1413 1656 persoluta.

288 1679 356 1746 Non
373 1674 533 1745 tenebitur
551 1690 656 1746 tutent
678 1678 747 1766 ipsa
763 1678 810 1746 vet
824 1678 893 1766 ejus
913 1676 1052 1747 nuncius
1072 1677 1240 1769 pecuniam
1256 1676 1343 1748 idam
1361 1700 1415 1751 rc·

294 1787 422 1878 quirem
440 1787 501 1857 uisi
522 1812 539 1859 a
560 1791 683 1858 decano
708 1786 938 1871 Aurelianensi,
962 1790 1008 1858 vot
1022 1791 1061 1857 ab
1081 1788 1293 1882 odicliatibusl
1313 1790 1416 1882 ipsius

289 1897 316 1969 si
338 1922 472 1991 presens
494 1923 558 1970 non
580 1904 673 1970 fucrit
689 1904 844 1971 decanus.
867 1899 946 1969 Fieri
973 1915 1080 1971 autern
1098 1902 1229 1972 «tenonis
1247 1900 1416 1993 requisitio

288 2011 431 2101 predicta
451 2012 503 2082 die
531 2014 582 2082 itta
612 2012 653 2083 ita
683 2012 885 2104 tempestiue,
913 2017 998 2103 quod
1029 2013 1194 2085 bursarius
1214 2014 1343 2106 capituti
1374 2015 1416 2087 do

289 2124 451 2193 solutione
465 2124 610 2195 iacienda
630 2123 691 2193 sibi
711 2125 814 2214 possit
828 2138 1050 2215 competenter
1074 2147 1257 2216 precavere.
1276 2126 1415 2199 Condit·

290 2249 357 2305 tum
377 2250 484 2306 autem
506 2237 564 2306 init
583 2250 616 2306 et
640 2258 833 2307 concessum
865 2239 950 2326 quod
977 2237 1117 2328 predium
1143 2237 1273 2309 domina
1295 2254 1413 2311 terram

290 2347 430 2418 dotalicii
450 2350 500 2420 sui
520 2353 559 2420 ad
587 2372 721 2442 presens
748 2348 930 2420 debtadabit
958 2364 990 2420 ct
1016 2354 1141 2423 fructus
1162 2365 1245 2423 terro
1268 2351 1355 2424 iiiios
1380 2352 1413 2425 iu

289 2463 420 2552 grangia
447 2462 586 2534 dotalicii
608 2476 755 2554 reponet,
777 2477 808 2533 et
830 2462 938 2533 iicebit
966 2464 996 2533 ei
1018 2463 1061 2533 ibi
1082 2468 1200 2537 trabere
1219 2466 1413 2540 seruientem

291 2600 385 2646 suum
402 2599 504 2667 usquc
523 2578 561 2646 ad
584 2574 707 2645 instans
728 2577 842 2645 tostum
861 2578 1014 2644 Omnium
1034 2582 1235 2662 Sanctorum,
1258 2578 1311 2669 qui
1336 2604 1414 2671 ger-

291 2692 348 2759 bas
363 2711 438 2759 suas
452 2704 484 2759 et
496 2690 623 2757 bladum
636 2711 730 2758 suum
751 2687 910 2757 custodiat
939 2687 1068 2758 ibidem.
1090 2693 1211 2762 Ertunc
1226 2714 1301 2763 vero
1314 2692 1415 2766 uictrii

290 2801 332 2872 ibi
359 2804 399 2873 dc
419 2825 479 2872 suo
498 2800 690 2883 remanebit,
711 2798 809 2870 immo
838 2800 989 2871 stramina
1010 2817 1041 2872 et
1067 2802 1201 2894 sorragia
1232 2805 1357 2877 decano
1376 2822 1409 2879 et

290 2917 430 3010 capituto
450 2920 673 2998 remanebunt,
696 2919 757 2986 sut»
775 2915 978 2989 estimatione
1006 2934 1111 2989 tamen
1130 2933 1162 2991 ct
1181 2918 1314 2993 arbitrio
1333 2923 1411 2995 troni

290 3030 369 3115 uiri;
390 3034 496 3102 claues
513 3046 619 3101 autem
640 3030 827 3100 cotrrndrarii
848 3045 880 3101 et
899 3029 998 3101 totius
1014 3031 1212 3123 tterlrergagii
1232 3032 1341 3105 statim
1361 3036 1416 3107 de·

289 3168 370 3217 cano
389 3160 420 3215 et
441 3145 581 3234 capituto
602 3146 779 3223 tradentur,
796 3142 892 3213 saluis
912 3158 1018 3214 tamen
1038 3146 1143 3215 eidem
1161 3147 1294 3218 domine
1313 3148 1417 3219 moiri·

290 3257 373 3327 tibus
404 3256 471 3325 siro
500 3254 737 3344 omnibusque
762 3258 957 3345 adprcsens
987 3256 1029 3324 ibi
1060 3260 1169 3338 trahet,
1197 3258 1341 3351 exceptis
1359 3282 1416 3332 co·

289 3365 419 3435 lumbis.
470 3370 572 3456 Super
614 3365 766 3455 predictis
806 3380 913 3435 autem
957 3365 1226 3438 corruuntionibus
1280 3372 1418 3443 tirmiter

289 3480 500 3549 observandis
517 3477 730 3570 prenominati
750 3476 920 3569 tiyorrisins
940 3493 972 3550 ot
986 3478 1136 3569 ltpouisia
1156 3482 1252 3551 furiem
1272 3481 1304 3553 in
1319 3506 1416 3555 manu

291 3606 398 3663 nostra
420 3592 627 3683 prestiterunt
647 3596 859 3681 corporalem.
885 3597 1034 3663 tircanus
1060 3608 1168 3664 autern
1188 3609 1221 3665 ot
1239 3595 1415 3687 capitulum

290 3706 469 3796 superbiis
490 3705 752 3776 tittorastradorc
777 3707 825 3775 eis
852 3720 1004 3776 tenentur
1026 3706 1133 3797 sigilio
1159 3730 1219 3779 suo
1245 3708 1413 3801 cipitiatas.

289 3824 401 3887 Actum
421 3840 507 3888 anno
527 3817 653 3888 Domini
670 3814 841 3887 mitissimo
857 3819 1082 3889 ducentesimo
1103 3818 1267 3891 tricesimo
1286 3836 1412 3915 quarto.

293 3954 405 4002 meuse
426 3930 516 4027 julio.
