3420 5490
773 649 950 717 -tttt-

298 778 396 851 annui
417 776 560 851 redditus
574 781 613 849 ad
634 777 750 849 dictam
776 802 959 851 mensuram
979 800 1089 870 quem,
1108 790 1142 849 ut
1161 778 1300 863 dicehat,
1318 782 1416 853 hahe-

297 896 352 965 hat
372 892 507 965 indicta
533 906 623 985 parte
640 894 798 964 dictarum
820 891 1016 964 decimarum
1042 894 1127 963 {dadi
1156 890 1234 964 dicti
1260 892 1423 965 Guiheimi

296 1006 436 1089 dodoiui,
453 1006 540 1078 dicto
559 1005 785 1079 archidiacono
804 1006 954 1078 similiter
967 1009 1007 1077 ad
1023 1009 1085 1077 hoc
1096 1008 1272 1091 destinato,
1291 1006 1424 1081 nomine

296 1122 455 1193 dictorum
477 1121 590 1193 decani
610 1136 642 1193 et
661 1121 804 1212 capituli,
819 1120 1031 1191 vendiderunt
1045 1133 1080 1191 ct
1092 1138 1329 1193 concesserunt
1341 1122 1423 1213 ipsis

295 1237 418 1306 decano
439 1248 472 1306 ct
487 1237 628 1326 capitulo
648 1247 803 1327 perpetuo
818 1231 950 1325 pacifico
970 1231 1177 1325 possidenda,
1197 1232 1295 1305 saitis
1314 1247 1422 1306 tamen

294 1347 326 1418 in
347 1349 445 1420 dictis
467 1346 603 1423 decimis
623 1346 707 1419 ldadi
735 1347 852 1419 debitis
871 1362 904 1419 et
932 1344 1098 1419 consuetis
1118 1348 1185 1419 hiis
1204 1348 1422 1421 reddevcntiis

295 1476 431 1547 tantum,
453 1461 576 1535 scilicet
598 1464 780 1555 presbitero
795 1465 835 1533 de
849 1461 1001 1532 h'ontanis
1020 1475 1156 1553 quatuor
1176 1461 1296 1532 modiis
1315 1460 1415 1549 hiadi,

297 1575 491 1647 monialibus
506 1578 546 1647 de
566 1574 794 1647 demorantino
810 1578 937 1647 duobus
956 1575 1127 1667 serterhis]
1147 1578 1243 1659 ttaut,
1264 1589 1296 1647 et
1323 1575 1421 1669 priori

296 1692 461 1760 chratea
481 1702 605 1781 septem
636 1688 808 1779 serterliis]
843 1687 927 1758 hiadi
953 1688 1134 1759 addictam
1165 1710 1349 1759 mensnram
1380 1689 1421 1760 de

295 1802 448 1873 Fontanis
466 1804 615 1873 redditus
628 1802 807 1886 annuatim,
828 1800 937 1890 precio
958 1816 1138 1872 trecentum
1158 1816 1190 1872 et
1204 1803 1317 1872 decem
1342 1814 1417 1872 octo

295 1914 446 1988 librarum
464 1914 699 1997 turonensium,
721 1917 762 1986 de
791 1912 909 2005 quihus
937 1928 1115 1987 trecentum
1144 1930 1176 1986 et
1204 1917 1317 1986 decem
1340 1928 1417 1987 octo

292 2028 385 2100 iihris
405 2027 639 2100 confessisunt
660 2028 794 2120 predicti
809 2052 924 2099 omnes
944 2031 1141 2112 venditores,
1165 2042 1229 2099 tant
1245 2026 1302 2099 viri
1321 2051 1418 2119 quatu

291 2143 456 2231 mulieres,
479 2158 512 2214 et
532 2144 725 2213 derveusde
743 2145 950 2226 't'raveciaco,
984 2144 1089 2223 miles,
1120 2164 1182 2213 una
1211 2164 1286 2212 curu
1320 2140 1421 2215 dictis

292 2260 455 2348 Stephano
475 2270 507 2327 ct
520 2258 680 2348 Philippo,
702 2255 734 2326 iu
754 2259 839 2328 hado
859 2254 962 2348 ipsius
982 2254 1091 2328 hervei
1106 2254 1331 2340 existentibus,
1356 2254 1421 2327 sihi

291 2370 392 2442 iuisse
424 2394 443 2443 a
474 2368 570 2442 dictis
590 2373 712 2442 decano
735 2384 767 2441 et
801 2369 942 2463 capituto
976 2368 1117 2464 plenarie
1149 2369 1348 2443 satisfactum
1386 2368 1420 2441 iu

291 2484 429 2578 pecunia
450 2497 630 2570 numerata,
652 2483 893 2572 renunciantes,
915 2500 1003 2558 etc...
1026 2486 1195 2578 dictoscpto
1210 2488 1368 2558 docauuvn
1386 2500 1420 2557 ct

291 2599 466 2689 capitulum
481 2623 518 2670 er
536 2599 630 2669 dictis
651 2611 830 2669 trecentum
849 2613 881 2669 et
914 2602 1026 2669 decem
1046 2611 1119 2670 octo
1146 2598 1235 2669 libris
1266 2613 1421 2671 turonen·

291 2711 375 2782 sium
391 2710 422 2780 in
444 2726 634 2803 perpetuum
656 2709 870 2801 quitaverunt.
891 2714 927 2780 Et
941 2714 980 2781 dc
996 2712 1060 2781 hiis
1078 2710 1229 2783 omnihus
1250 2725 1282 2782 ct
1304 2710 1418 2803 singu·

290 2824 331 2895 lis
346 2823 501 2915 predictis
519 2824 759 2895 venditionibus
791 2824 866 2895 dicti
896 2826 1079 2897 venditores
1107 2848 1235 2911 omues,
1270 2843 1333 2896 tam
1360 2826 1419 2899 viri

290 2963 386 3030 quant
400 2938 565 3026 mulieres,
583 2962 618 3010 se
640 2938 853 3010 desaisicrttut
869 2941 902 3009 iu
924 2963 1020 3010 manu
1040 2939 1116 3009 dicti
1136 2938 1369 3025 archidiaconi,
1382 2953 1417 3013 ct

290 3056 484 3135 existentem
506 3053 612 3147 ipsum
635 3053 898 3127 archidiaconum
923 3052 1061 3126 nomine
1088 3068 1120 3126 et
1153 3057 1225 3126 ioco
1253 3056 1418 3127 dictorum

290 3171 403 3242 decani
427 3186 458 3242 et
473 3169 603 3263 capituti
624 3167 762 3242 totaliter
782 3169 973 3242 saisiverunt
987 3183 1019 3241 et
1035 3170 1280 3255 investiverunt,
1308 3186 1339 3242 et
1360 3172 1419 3243 do-

291 3284 439 3371 minium,
457 3288 523 3375 jus,
540 3283 782 3377 possessionem
811 3299 842 3356 et
868 3283 1093 3377 proprietatem
1125 3298 1158 3355 et
1172 3283 1325 3377 quicquid
1346 3289 1419 3377 phts

288 3399 373 3489 juris
394 3398 426 3470 iu
447 3403 600 3470 omnihus
620 3397 716 3469 dictis
736 3398 871 3470 decimis
891 3401 1051 3469 habehant
1067 3396 1098 3468 in
1119 3397 1352 3490 presentiarum
1386 3414 1419 3471 ct

292 3518 411 3588 hahere
432 3531 578 3607 poterant
599 3519 631 3585 in
649 3514 1127 3607 sepedictumarchidiaconum
1147 3518 1219 3587 loco
1233 3529 1266 3586 et
1285 3514 1418 3587 nuntiae

291 3629 450 3700 dictorum
472 3630 584 3701 decani
605 3644 636 3700 et
653 3627 783 3721 capituti
813 3627 952 3700 totahter
979 3632 1237 3715 transtuierunt;
1269 3643 1301 3701 ct
1329 3633 1414 3701 hauc

292 3743 508 3816 venditionem
524 3750 668 3816 iecerunt
697 3769 753 3835 pro
774 3758 839 3816 rata
857 3768 915 3814 sua
936 3746 1093 3815 dictarum
1109 3748 1254 3815 onmium
1277 3744 1419 3815 decima·

291 3882 361 3927 vvrvn
374 3858 448 3929 dicti
462 3858 625 3949 Phidippus
638 3873 669 3928 ct
683 3861 877 3947 Stephanos,
895 3860 935 3927 de
947 3859 1136 3929 auctoritate
1149 3872 1179 3927 et
1191 3880 1327 3928 assensu
1339 3856 1418 3930 dicti

293 3975 416 4057 hervei,
433 3972 486 4063 qui
504 3985 536 4041 et
556 3976 651 4041 hatur
669 3995 747 4041 suus
769 3986 978 4041 asseruerunt
1004 3994 1060 4062 per
1086 3971 1181 4041 tidem
1203 3994 1298 4041 tnattu
1319 3992 1420 4061 super

292 4090 353 4155 hoc
367 4089 472 4155 (iatam
491 4088 576 4176 cptrod
597 4086 680 4154 dicta
702 4098 767 4155 vata
788 4084 930 4175 ipsorum
956 4084 1094 4175 Philippi
1126 4099 1156 4154 et
1194 4084 1348 4175 Stephani
1377 4086 1420 4155 titt

290 4197 385 4269 dictis
400 4199 535 4269 decimis
555 4212 620 4268 crat
638 4196 760 4267 inutilis
775 4197 836 4290 ipsi
851 4200 1013 4289 Stephano
1027 4212 1059 4268 et
1072 4197 1232 4289 Phiiippo,
1247 4199 1420 4289 ctjurave·

288 4327 362 4384 tuttt
382 4313 441 4405 ipsi
457 4317 596 4385 herveus
615 4327 646 4383 et
673 4316 768 4381 tratur
795 4314 864 4402 ejus
890 4334 988 4403 snper
1015 4322 1127 4383 sancia
1154 4312 1210 4383 hui
1244 4314 1418 4405 livattgeha

289 4428 374 4518 quod
390 4426 498 4518 junior
518 4426 660 4518 ipsorum
692 4424 827 4516 Phihppi
848 4439 880 4495 ct
913 4424 1065 4516 Stephani
1085 4424 1247 4495 decivttutn
1267 4444 1418 4517 quartum

288 4565 408 4613 acutum
434 4558 466 4613 et
491 4542 629 4634 amphus
659 4544 886 4631 envvrpieverat.
922 4544 1018 4611 hater
1048 4563 1122 4611 vero
1147 4540 1225 4611 dicti
1251 4540 1415 4615 Guideimi

287 4656 415 4735 todoini
435 4656 537 4728 dictas
559 4653 760 4727 venditiones
774 4656 870 4726 voluit
895 4670 927 4727 ct
948 4654 1112 4727 concessit
1129 4670 1162 4727 ct
1177 4668 1276 4727 totaut
1290 4656 1416 4745 dotem,
