3420 5490
763 745 795 756 -
824 712 942 775 457-

291 839 427 908 tratrotrat
443 852 496 907 ant
517 841 634 908 habore
656 851 779 929 poterat
796 841 842 909 ret
860 841 996 910 ‹teliotrat
1025 843 1058 909 in
1084 838 1168 910 dicta
1191 837 1316 910 decima
1340 862 1418 930 qna·

290 975 429 1043 enmono
449 976 485 1022 or
506 976 599 1023 cansa
623 955 670 1023 rai
685 951 813 1024 racione
833 955 922 1024 dicto
937 953 1076 1044 capitolo
1107 952 1260 1038 renarint,
1291 957 1417 1046 ‹prieta-

291 1067 332 1137 tit
354 1068 480 1157 ponitus
495 1081 527 1137 ot
547 1067 781 1159 imperpetuum
808 1066 927 1138 timisti
950 1092 1006 1160 pro
1034 1082 1163 1139 centnm
1191 1067 1305 1139 solidis
1331 1067 1418 1160 pari-

289 1179 458 1264 siensium,
480 1183 520 1249 ria
534 1180 652 1271 nnibns
673 1181 756 1250 idom
773 1184 935 1252 lohannes
953 1203 1061 1251 coram
1083 1179 1176 1250 nobis
1187 1203 1222 1252 aa
1243 1180 1344 1252 tonnit
1359 1204 1417 1271 pro

290 1308 402 1384 pagato
417 1293 447 1362 in
463 1298 596 1383 pecunia
614 1306 790 1371 numerata,
804 1292 994 1384 exceptioni,
1007 1304 1094 1365 eto...
1110 1291 1315 1381 promittens,
1327 1303 1415 1364 etr...

290 1406 438 1476 Promisit
459 1406 590 1497 irrsnper
610 1406 694 1477 idom
715 1409 879 1476 lohannes
905 1429 959 1497 prr
987 1408 1110 1477 dictum
1139 1409 1357 1496 juramentum
1382 1429 1418 1478 aa

290 1525 444 1591 iacturum
459 1536 491 1591 ot
508 1535 690 1591 cnratnrnrn
708 1544 781 1610 erga
808 1519 1021 1603 Gantinidnm‚
1042 1523 1170 1591 fratrom
1192 1543 1287 1591 annm
1317 1519 1420 1592 mino-

290 1658 369 1717 rem,
389 1635 475 1725 qnod
490 1633 596 1704 omnia
612 1647 644 1705 et
663 1633 788 1725 singula
802 1633 997 1725 supradicta,
1015 1635 1145 1724 qnando
1160 1636 1199 1705 ad
1221 1646 1336 1706 etatem
1350 1657 1419 1726 per·

289 1749 406 1832 veniat,
429 1751 613 1832 notificabit,
628 1747 771 1819 laudabit
790 1762 822 1819 at
836 1746 931 1819 otiam
943 1747 1147 1839 approbabit,
1162 1762 1195 1820 ot
1206 1751 1292 1840 quod
1303 1760 1415 1820 contra

291 1893 353 1938 nnn
372 1866 480 1939 reniet
497 1867 604 1958 atiquo
620 1870 706 1960 juro,
727 1865 849 1938 ratione
870 1865 1003 1938 minaria
1023 1869 1119 1938 etatis
1150 1890 1208 1939 serr
1230 1868 1292 1938 atia
1320 1889 1417 1938 canoa

291 1986 337 2053 ret
354 1984 455 2052 eciam
477 1982 611 2053 ratione.
636 1986 781 2052 Proteroa
812 1986 928 2073 Agnes,
956 1981 1064 2052 relicta
1086 1983 1240 2053 Gantiridi
1270 1983 1417 2052 Patetean

291 2110 455 2186 materque
476 2096 553 2165 niori
572 2095 739 2177 iohannis,
761 2093 868 2165 omnia
893 2106 926 2165 et
956 2093 1080 2183 singula
1111 2095 1295 2185 supradicta
1325 2106 1419 2184 prout

291 2221 366 2278 aunt
386 2209 532 2298 superins
563 2231 712 2297 expressa
749 2230 855 2277 coram
883 2205 977 2277 nobis
1008 2207 1158 2289 tamarit,
1189 2205 1356 2276 ratificavit
1385 2218 1416 2276 et

291 2322 391 2392 eriam
408 2324 608 2414 approbavit,
623 2337 655 2392 et
675 2319 823 2413 promisit
839 2343 896 2412 per
913 2321 1008 2391 norm
1028 2343 1119 2392 suam
1136 2321 1167 2391 in
1190 2342 1285 2391 mann
1306 2333 1416 2391 nostra

291 2460 389 2527 super
409 2441 468 2507 troc
495 2435 702 2528 corporaliter
733 2436 898 2527 prestitam
928 2459 964 2507 ae
995 2450 1107 2506 contra
1147 2459 1209 2507 non
1249 2448 1415 2507 venturam

291 2551 580 2624 racionodotisrol
603 2552 741 2624 dotalicii
768 2550 900 2624 nomina
930 2574 988 2622 aaa
1017 2550 1080 2622 atio
1109 2553 1194 2641 jure,
1234 2573 1330 2622 oauaa
1370 2552 1417 2622 ret

289 2667 383 2737 etiam
402 2669 537 2738 ratione.
558 2671 604 2737 De
623 2668 740 2758 quibua
760 2664 912 2738 omnibns
931 2679 963 2736 et
976 2663 1114 2757 singuiis
1134 2663 1288 2757 predictis
1303 2680 1417 2738 tenen·

289 2781 339 2849 dis
351 2780 565 2870 adimptendis
585 2781 616 2849 in
632 2794 821 2871 perpetuum
845 2779 1105 2851 observandam
1122 2779 1161 2849 aia
1175 2801 1240 2850 non
1255 2778 1417 2850 veniendo

289 2908 398 2964 contra
417 2897 574 2966 Robertua
593 2897 633 2965 de
649 2899 735 2965 {teon
751 2907 784 2965 et
804 2897 963 2964 {lanbertus
990 2895 1029 2963 de
1050 2895 1289 2984 tiongauguier,
1312 2894 1416 2984 patrui

289 3031 345 3079 seu
366 3010 535 3079 advunorrii
555 3007 629 3080 dicti
650 3011 821 3092 iohannis,
842 3031 916 3100 erga
948 3009 1070 3079 dictam
1098 3010 1274 3099 rapituirrm
1308 3028 1417 3080 coram

290 3121 382 3191 nobis
421 3146 457 3194 so
487 3121 721 3195 constituerunt
760 3125 979 3215 fidejussores,
1013 3132 1101 3193 eta...
1133 3124 1168 3192 Et
1203 3119 1412 3193 renunciare-

290 3251 464 3321 runt‚etr...
480 3240 510 3307 ln
525 3242 617 3328 cnjus
632 3238 675 3309 rei
692 3237 878 3309 memoriam
896 3251 929 3310 et
942 3235 1162 3309 testimoninm
1176 3239 1216 3307 ad
1227 3233 1417 3327 requiaicio·

290 3373 362 3420 nem
380 3351 537 3421 dictorum
558 3350 726 3435 iohannis,
743 3351 873 3442 Agnetis
888 3365 919 3422 et
942 3353 1166 3443 fidejussorum
1198 3348 1416 3441 predictorum

290 3463 393 3553 sigilla
417 3478 524 3535 nostra
545 3464 748 3556 presentibus
767 3463 881 3535 littoris
901 3465 1051 3534 duximus
1070 3465 1273 3554 apponenda.
1296 3466 1411 3534 Datum

290 3591 321 3648 et
331 3592 530 3648 actumanno
544 3577 669 3649 Domini
683 3583 722 3648 ,Ψ
732 3576 956 3649 dircentaaimo
970 3574 1211 3667 septuagesimo
1222 3589 1349 3653 octavo,
1361 3577 1415 3647 dio

291 3693 416 3763 veneris
433 3707 505 3784 post
526 3698 640 3763 testum
666 3695 883 3783 apostolorum
906 3689 987 3761 Petri
1008 3703 1041 3761 ot
1065 3688 1166 3774 Pauli,
1186 3711 1298 3761 menae
1320 3686 1415 3781 junii.

292 3810 444 3877 {tasoram
460 3811 466 3842 ¹
481 3808 755 3877 admortificamua
775 3808 1008 3897 approbamur.
1031 3808 1146 3875 Datum
1167 3817 1326 3894 utsupra.

323 4725 330 4760 ¹
354 4727 414 4782 Una
428 4731 525 4783 ratura
541 4741 597 4798 qne
609 4731 688 4797 porta
704 4725 853 4798 ''originai
