3420 5490
758 706 938 780 -mn..

775 1012 917 1084 cexnttt

706 1261 886 1330 Decembre
908 1260 987 1329 true

290 1488 467 1562 dssiunrtion
480 1508 531 1565 prr
542 1486 632 1548 t’rboe
647 1496 674 1548 et
688 1491 713 1548 le
723 1496 843 1547 convent
856 1491 891 1547 de
906 1488 1132 1559 Saint-Euverte,
1147 1508 1197 1547 rur
1210 1486 1250 1547 ies
1265 1489 1362 1563 signer
1373 1490 1413 1547 du

326 1588 449 1660 prossoir
465 1588 550 1643 Tiaut
563 1590 600 1656 (i)
615 1588 649 1641 dc
663 1589 681 1642 4
696 1605 764 1643 sonu
778 1588 880 1659 periris
894 1603 945 1659 par
957 1604 993 1643 nn
1020 1604 1092 1659 pour
1115 1588 1151 1643 3⁴2
1174 1588 1288 1643 ‹lenierr
1311 1587 1414 1659 parisis

324 1684 409 1755 qn’ils
432 1683 561 1755 puycicnt
582 1688 753 1753 supererunt
781 1699 834 1737 nux
862 1683 1023 1755 chapeluins
1047 1682 1083 1737 do
1106 1682 1414 1738 sainte-Moriedirde·

324 1780 407 1834 deine.

289 1897 385 1970 (Cupie
396 1898 583 1955 eoiiuiionndo
597 1916 648 1955 sur
661 1900 758 1972 purch.
776 1899 860 1967 (X1V·
874 1899 979 1967 siecle).
996 1899 1083 1955 Arcti.
1106 1899 1144 1954 dn
1161 1898 1265 1968 loiret,
1280 1898 1315 1954 G.
1333 1896 1414 1969 tut.)

333 2089 522 2162 Guideimns
548 2094 647 2163 abires
667 2104 817 2182 totusque
838 2105 1016 2161 conuentus
1032 2089 1139 2161 Sancti
1166 2088 1288 2161 Ernrcii
1316 2096 1415 2161 dure·

290 2204 457 2289 lirinensis,
478 2204 629 2275 omnibus
651 2218 818 2296 presentes
846 2203 968 2275 litteras
994 2203 1188 2295 inspecturis
1213 2206 1351 2274 satutem
1381 2204 1414 2275 in

288 2318 437 2388 Domino.
460 2316 609 2389 Norerint
629 2316 767 2389 universi
783 2321 868 2409 qnod
894 2341 968 2387 cnm
997 2340 1056 2388 nos
1076 2319 1131 2386 din
1167 2319 1302 2388 reddere
1337 2340 1416 2388 eou-

289 2431 508 2503 suevissemns
528 2432 663 2522 singuiis
682 2434 777 2503 urinis
792 2446 880 2502 certo
896 2432 959 2511 die,
982 2430 1013 2501 in
1030 2436 1112 2501 sesto
1128 2432 1280 2501 videlieet
1294 2436 1414 2503 Sancte

290 2542 401 2614 Crucis
420 2543 452 2613 in
469 2567 573 2636 rnayo,
588 2544 715 2635 triginta
730 2559 761 2613 et
791 2546 872 2613 dnos
891 2543 1040 2614 denarios
1059 2541 1283 2635 parisiensium
1307 2546 1414 2635 capei-

289 2656 371 2726 ionis
400 2656 508 2726 nitaris
541 2670 652 2727 sancto
685 2655 781 2725 diarie
818 2659 999 2746 iiagdaiene
1042 2656 1073 2725 in
1116 2657 1254 2727 ecelesia
1296 2660 1415 2727 Sancte

290 2768 401 2841 Crucis
452 2771 689 2841 Aurelianensis
732 2769 800 2853 siti,
854 2784 887 2839 et
927 2768 1060 2862 prcdieti
1103 2771 1261 2859 eapeiinni
1305 2768 1413 2841 dictos

288 2882 438 2955 denarios
477 2897 622 2977 peterent
658 2899 807 2975 torinnam
854 2888 1036 2967 consuetos,
1081 2883 1175 2955 rionis
1220 2906 1317 2977 snper
1352 2888 1416 2955 iroc

289 2998 344 3069 diu
372 3014 483 3070 contro
518 2999 621 3069 edictos
660 3003 842 3091 capeitanus
882 2998 1165 3082 contendentibus,
1205 3002 1335 3071 tandem
1373 3006 1415 3073 de

290 3116 447 3184 bonorum
467 3111 768 3197 virornnreonsiiio,
794 3116 956 3184 voluntate
988 3126 1021 3183 et
1050 3136 1199 3197 assensu,
1231 3116 1292 3183 init
1329 3112 1415 3185 iuter

289 3250 349 3298 nos
369 3230 550 3299 ordinatum
569 3240 601 3297 et
621 3225 836 3317 compositum
855 3230 941 3317 quod
961 3250 1017 3317 pro
1038 3230 1123 3297 bono
1143 3226 1232 3318 pacis
1256 3224 1416 3318 predictis

289 3339 462 3431 capeitaois
482 3363 657 3429 eorumque
685 3340 930 3411 suecessoribus
955 3341 1128 3410 reddemus
1159 3338 1192 3409 in
1224 3354 1417 3431 perpetuum

290 3475 347 3543 pro
377 3452 505 3541 triginta
532 3454 659 3522 derebus
686 3453 829 3521 «ionariis
861 3467 998 3541 ‹piroinor
1027 3453 1150 3522 soiidos
1186 3450 1414 3542 parisiensium

289 3564 453 3634 aunuatim
473 3564 505 3632 in
525 3568 607 3634 iesto
627 3568 743 3633 Sancte
761 3563 871 3633 Crucis
897 3562 929 3631 in
951 3566 1035 3633 irruio
1068 3584 1166 3654 super
1193 3562 1303 3633 vineas
1326 3566 1413 3654 apud

291 3676 486 3768 pressorium
505 3677 596 3747 'iiaut
615 3680 657 3767 (t)
674 3678 869 3766 assignatos,
891 3674 933 3745 ite
953 3691 1059 3747 tariien
1079 3677 1164 3766 quod
1192 3698 1253 3746 nec
1279 3674 1416 3767 predicti

289 3790 444 3882 copeiioni
465 3813 525 3861 nec
543 3812 654 3861 eorum
682 3812 889 3861 urceessores
914 3812 931 3859 a
966 3792 1060 3860 nobis
1087 3787 1259 3860 occasione
1280 3787 1415 3881 triginta

289 3908 426 3977 dirorum
439 3904 641 3977 denariorum
654 3904 772 3996 aliquid
785 3904 874 3979 uliird
891 3919 1039 3996 poterunt
1051 3918 1208 3996 repetere,
1222 3908 1415 3977 neereiera·

289 4020 401 4093 ciones
440 4044 501 4092 nee
534 4022 740 4093 redevoneias
768 4020 891 4113 atiqnas
920 4020 981 4093 nisi
1014 4022 1236 4092 tandummodo
1277 4034 1416 4113 quatuor

289 4136 411 4207 solidos
444 4153 651 4223 memoratos,
700 4150 806 4227 preter
835 4138 1003 4207 emendem
1034 4135 1061 4207 ni
1094 4158 1151 4227 pier
1175 4134 1415 4229 trepiipenciam

289 4273 400 4322 eornm
429 4256 547 4343 pretiro
572 4250 708 4321 termino
743 4274 806 4321 nou
843 4253 1016 4321 reddentur
1047 4249 1200 4342 predictis
1234 4248 1416 4341 capellanis

288 4387 466 4455 eorumque
485 4368 744 4443 suecessoribus,
772 4389 835 4455 qne
865 4389 1023 4435 sirrnmum
1055 4363 1197 4455 quinque
1235 4362 1416 4434 sotidornm

290 4478 515 4570 parisiensium
536 4504 600 4550 uon
619 4483 763 4550 excedet.
787 4484 820 4549 lu
841 4482 934 4570 enjus
952 4478 996 4550 rei
1017 4482 1111 4548 {idern
1130 4492 1161 4547 et
1188 4476 1415 4548 testimouium

290 4594 493 4684 presentibus
513 4594 626 4663 titteris
646 4593 749 4683 sipidu
770 4608 876 4663 nostre
899 4591 1047 4663 eduximus
1066 4594 1270 4683 epiponendn.
1297 4598 1415 4661 dutum

289 4726 374 4774 auno
393 4704 520 4775 Domini
541 4704 713 4776 millesimo
730 4707 779 4775 CC
798 4704 964 4775 tricesimo
982 4718 1086 4789 serto,
1103 4724 1216 4775 menso
1225 4704 1414 4775 decembri.
