3420 5490
776 1016 824 1077 GL

705 1289 782 1353 tuin
804 1287 884 1355 1208

239 1542 374 1600 donation
387 1543 644 1616 purl'urohidiuere
658 1544 777 1601 Etienne
791 1545 827 1601 de
847 1546 884 1602 ⁴⁰
902 1545 1001 1616 liures,
1025 1546 1096 1602 dont
1121 1546 1164 1604 les
1188 1562 1311 1604 monus
1333 1564 1365 1604 so

273 1638 540 1695 distribueruntuux
562 1640 767 1697 anniversaires
781 1642 816 1698 de
831 1657 876 1697 sos
895 1637 1010 1712 parents
1034 1641 1139 1698 durant
1159 1659 1190 1699 su
1218 1641 1273 1714 rie,
1299 1641 1363 1714 puio

274 1750 310 1789 uu
321 1749 391 1790 oren.

558 1829 739 1902 (omnmo.
756 1831 795 1887 vn
807 1830 912 1903 eonor,
929 1833 963 1890 nr
978 1830 1042 1901 rro)

286 2050 354 2136 Ego
373 2047 804 2137 Fuieodeeunustotumque
828 2051 946 2120 Sancte
971 2045 1083 2120 Crucis
1119 2048 1366 2122 Aurelianensis

241 2157 414 2249 eupitrdum
434 2162 586 2230 omnibus
606 2173 774 2250 presentes
790 2162 913 2232 litteras
938 2161 1136 2253 inspecturis
1151 2172 1264 2233 uotum
1281 2163 1366 2233 droi-

242 2292 312 2340 mus
331 2270 483 2342 dilectum
505 2274 631 2343 irntronr
645 2286 678 2343 et
690 2271 945 2345 concanonicum
971 2285 1116 2345 nostrum
1146 2277 1362 2367 Stephanum,

243 2383 500 2456 doroliunonsorn
521 2384 796 2470 archidiaconum,
814 2385 907 2459 nobis
933 2385 1142 2481 ‹pradrngintu
1164 2386 1261 2459 libres
1280 2386 1365 2481 ptari·

241 2499 395 2571 niensium
415 2501 446 2570 in
461 2500 670 2573 elemosinam
685 2501 876 2589 cedidisse,
908 2526 947 2575 eo
972 2517 1083 2576 tenore
1121 2502 1247 2575 scilieet
1277 2504 1365 2594 quod

241 2636 353 2686 omnes
373 2628 547 2705 proventus
566 2620 740 2688 earundem
762 2616 915 2707 quamdiu
937 2615 1045 2688 vixerit
1074 2614 1106 2687 in
1126 2615 1227 2708 putris
1252 2615 1303 2688 sui
1334 2628 1368 2688 et

242 2731 352 2800 matris
367 2751 425 2799 sne
444 2728 667 2801 anniversario
687 2730 836 2803 distribui
856 2730 1012 2803 faciemus
1048 2734 1125 2802 Post
1152 2729 1257 2822 ipsius
1289 2754 1367 2803 vero

243 2842 410 2913 decessum
431 2839 584 2932 quiequid
600 2841 674 2913 inde
688 2844 874 2934 provenerit
889 2843 919 2912 in
941 2842 1070 2935 proprio
1093 2842 1195 2935 ipsius
1218 2842 1368 2916 anniver-

242 2955 326 3025 rurio
345 2952 470 3046 integre
496 2952 665 3026 dividetur.
701 2957 794 3042 Quod
827 2972 860 3027 ut
889 2970 994 3027 rutum
1015 2969 1049 3028 et
1066 2969 1178 3028 notum
1213 2958 1369 3028 habentur

242 3067 335 3161 sigdii
367 3070 470 3140 nostri
505 3069 691 3142 testimonio
721 3069 857 3143 fecimus
893 3069 1100 3143 communiri.
1135 3075 1248 3143 dotum
1280 3094 1366 3143 nuno

242 3180 347 3276 gracie
369 3187 447 3256 ilCC
470 3197 596 3269 octavo,
614 3207 725 3258 :nense
735 3185 840 3277 junio.

775 3523 835 3585 CLI

663 3798 848 3862 Novembre
871 3796 951 3861 1208

246 4023 432 4097 Composition
445 4028 524 4080 entre
538 4022 701 4093 leehipitre
721 4027 748 4078 et
769 4021 924 4078 Milesende
951 4020 1002 4077 des
1026 4020 1098 4077 tuiis
1121 4024 1148 4075 et
1173 4036 1220 4076 ros
1241 4019 1371 4077 neritiers

277 4119 469 4176 retrttvoment
482 4134 518 4174 uu
534 4122 595 4190 pest
611 4123 638 4173 st
652 4134 688 4173 au
710 4117 806 4172 eharoi
824 4133 831 4182 ;
856 4117 891 4172 itu
913 4116 1104 4172 construimnt
1125 4120 1208 4171 amnt
1230 4115 1257 4171 lu
1275 4115 1371 4172 suint-

279 4214 346 4270 Jeun
361 4230 418 4270 une
433 4212 538 4268 hortise
552 4215 581 4269 et
595 4212 750 4284 paieronti
763 4228 831 4267 sous
846 4212 947 4283 parisis
957 4227 1009 4283 par
1022 4226 1070 4266 nn.

386 4359 474 4430 (orig.
489 4358 573 4414 dreh.
590 4357 628 4411 du
643 4356 750 4427 bonet,
763 4357 798 4413 G.
815 4355 888 4411 876:
910 4356 1036 4412 mention
1050 4354 1221 4427 Scriptum).
1332 4412 1334 4418 ,

291 4552 494 4647 Ruginuldus‚
516 4553 575 4624 Dei
594 4549 692 4643 gratie
713 4547 921 4622 Curnoteusis
940 4547 1127 4642 episeopus,
1151 4545 1303 4620 omnibus
1329 4550 1369 4619 nd

246 4684 326 4751 quos
345 4681 514 4761 presentes
536 4666 641 4740 littere
654 4663 857 4758 pervenerint
877 4665 1014 4736 salntem
1029 4662 1061 4735 in
1085 4660 1236 4734 domino.
1267 4666 1371 4737 Nove·
