3420 5490
773 686 810 701 -
832 653 872 717 gp
893 686 932 701 ..

287 778 476 849 anctoritate
513 777 719 868 nominisque
745 781 910 850 laractere
939 777 1146 848 firmavimus.
1175 777 1361 851 letantibus
1380 780 1413 851 in

288 891 405 984 palatio
425 905 537 963 nostro
556 913 693 983 quorum
720 891 852 962 uomina
871 889 1054 982 subscripta
1079 904 1155 962 sunt
1177 905 1209 963 ct
1235 889 1351 982 signa:
1376 896 1412 963 S.

288 1004 426 1098 tlrttippi
444 1003 583 1097 junioris
612 1006 709 1090 repis.
739 1009 773 1074 S.
794 1004 944 1075 lmdorici
973 1003 1165 1075 buticularii.
1196 1008 1229 1074 S.
1263 1006 1407 1097 llngunis

287 1117 535 1187 constabularii.
557 1122 591 1185 S.
632 1121 776 1186 llannsse
795 1116 976 1188 camerarii.
1009 1123 1121 1185 tetum
1154 1115 1306 1200 Lurrinci,
1325 1138 1412 1187 annu

288 1226 445 1297 incarnati
468 1226 554 1298 rerlri
592 1232 616 1296 lt
648 1231 672 1296 C
699 1231 790 1309 tulit,
811 1227 901 1318 regui
928 1250 1002 1299 vero
1023 1227 1124 1298 nostri
1143 1230 1234 1297 llllll.
1256 1231 1335 1298 llata
1354 1248 1412 1320 per

289 1360 420 1410 manum
437 1339 588 1430 symonis
607 1337 802 1411 cancellarii.

810 1673 887 1734 xttt

616 1900 718 1975 Puris,
736 1899 801 1978 (nv.
816 1899 849 1962 le
863 1898 883 1962 3
899 1897 993 1978 nont)
1014 1897 1093 1960 1127

288 2117 374 2175 Leuis
396 2116 433 2173 vl
460 2115 596 2170 conllrme
616 2113 643 2169 ln
666 2112 830 2169 concessioni
848 2111 915 2169 luite
937 2129 987 2186 per
1008 2110 1133 2186 leaeque
1158 2112 1305 2172 nontam
1331 2113 1418 2173 d'uns

322 2214 401 2287 place
430 2212 485 2268 dite
511 2212 610 2269 Turres
636 2226 690 2267 sus
711 2208 864 2267 olranoinss
881 2209 917 2266 de
938 2210 1138 2284 sainte-Greis,
1162 2215 1191 2268 et
1214 2210 1418 2270 l’antorisation

322 2311 392 2385 qu'il
404 2310 496 2368 leurs
518 2309 628 2367 donnee
642 2308 677 2364 sle
692 2325 791 2383 percer
809 2324 865 2366 uus
884 2314 964 2384 ports
984 2308 1054 2366 dana
1072 2310 1099 2366 le
1113 2325 1178 2367 mur
1191 2310 1227 2366 de
1245 2310 1310 2367 ville
1323 2312 1354 2368 sl
1372 2310 1417 2385 rl'p

330 2408 401 2465 laiss
411 2409 452 2465 les
464 2407 639 2481 repetitions
653 2406 835 2463 necessaires.

290 2581 381 2653 (Orip.
396 2581 481 2638 Arch.
496 2581 535 2638 dn
548 2581 643 2638 Lolret
656 2581 784 2652 Gllnnds
794 2580 829 2637 de
841 2580 1040 2652 sworon).-
1050 2580 1136 2654 Cupie
1151 2579 1307 2652 osennae,
1316 2597 1345 2656 p.
1357 2582 1418 2653 ta.)

336 2829 369 2897 lu
391 2824 522 2898 nominc
541 2838 661 2896 sauctae
676 2838 708 2896 et
728 2823 899 2895 iurliriduan
916 2822 1092 2897 Trinitatis.
1123 2828 1189 2918 ligo
1214 2826 1409 2915 ludovicus,

292 2939 351 3012 Dei
370 2939 470 3031 gratia
491 2943 683 3010 Francorum
705 2962 769 3009 rer.
791 2943 906 3009 Notum
921 2938 987 3010 lteri
1004 2942 1151 3013 volumus
1165 2940 1292 3014 cunctis
1313 2942 1417 3015 lideli·

292 3057 353 3125 lrns
381 3068 444 3125 tam
462 3051 578 3125 tuturis
598 3077 693 3144 poam
714 3067 745 3125 et
779 3053 974 3124 instantibus
1001 3057 1086 3145 quorl
1110 3054 1259 3127 canonici
1287 3061 1419 3131 Sancta)

293 3166 404 3240 Crucis
425 3166 663 3239 Aurelianensis
692 3167 831 3238 incuria
859 3167 1033 3258 episcopali
1062 3171 1221 3258 quandam
1255 3173 1414 3245 incirculos

291 3303 411 3362 aream,
431 3303 505 3350 cnm
531 3278 682 3349 ‹lomilrns
700 3278 847 3350 orientali
867 3301 959 3348 muro
974 3277 1111 3350 civitatis
1125 3280 1355 3353 adlrorentilms
1383 3298 1419 3355 et

291 3395 331 3463 ael
347 3396 402 3482 jus
417 3394 604 3462 eorumdem
630 3390 860 3461 canonicorom
880 3389 1096 3460 communiter
1113 3389 1363 3482 pertinentibus,
1382 3394 1417 3463 in

293 3508 365 3575 locu
394 3505 449 3594 qui
480 3506 573 3593 vulgo
607 3501 725 3573 «licitur
748 3506 867 3587 lanua,
889 3502 1038 3572 alierum
1070 3502 1285 3594 praesentiam
1309 3506 1418 3576 lllells

294 3619 395 3688 nostri
421 3617 590 3699 loliannis,
610 3614 849 3686 Aurelianensis
869 3613 1029 3706 episcopi,
1059 3614 1223 3686 lrnmiliter
1242 3619 1419 3708 deprecan-

295 3746 344 3802 tes
364 3745 398 3800 nt
416 3732 577 3822 quandam
597 3729 784 3820 particulam
809 3726 907 3799 curiae
922 3752 989 3799 suae
1009 3731 1048 3798 nd
1074 3727 1297 3821 episcopatum
1316 3728 1418 3822 perti·

296 3842 596 3935 oentem‚annsita
609 3856 660 3913 est
673 3842 755 3914 inter
776 3841 976 3934 supradictas
989 3844 1149 3914 domoset
1162 3840 1417 3934 septentrionem

295 3962 378 4052 iusta
399 3984 525 4032 murum
542 3958 678 4031 civitatis
701 3959 732 4030 in
752 3961 882 4050 angulo,
904 3962 1026 4030 lralrcrrs
1041 3960 1072 4029 in
1088 3960 1288 4051 longitudine
1312 3963 1416 4053 perles

295 4079 460 4149 manuales
482 4080 559 4148 hill
573 4089 605 4147 et
624 4077 715 4148 xpo.
734 4088 766 4147 et
784 4074 814 4145 io
829 4074 997 4146 latiturlioe
1013 4076 1158 4161 totidem,
1175 4077 1416 4170 inperpetuum

293 4191 341 4266 eis
367 4193 571 4262 concederet.
592 4194 629 4261 llt
656 4188 830 4280 cumipse
853 4192 970 4259 domus
994 4188 1155 4281 prurlictm
1183 4212 1242 4281 per
1265 4194 1415 4264 eamdem

295 4304 415 4377 curiam
431 4304 648 4397 episcopalem
670 4301 989 4374 consuetudinarium
1023 4301 1189 4373 introitum
1220 4305 1267 4376 rei
1298 4304 1418 4377 exitum

294 4422 444 4499 lrabeant,
463 4414 624 4508 deprecati
640 4431 715 4487 sunt
730 4414 825 4487 ctiam
837 4418 986 4487 eumdem
1002 4414 1191 4507 episcopum
1208 4431 1242 4487 ut
1256 4417 1418 4490 licentiam

294 4530 430 4601 lacieudi
452 4532 483 4601 in
498 4552 589 4600 muro
610 4533 804 4621 posterulam
818 4530 992 4598 lucentem
1010 4531 1050 4597 url
1068 4526 1241 4613 orientem,
1268 4532 1308 4601 ad
1327 4552 1419 4623 epre-

294 4644 447 4713 rliendum
469 4646 516 4714 rel
536 4640 797 4733 ingrediendum,
817 4654 849 4713 et
869 4640 1057 4733 iusuperrle
1077 4643 1149 4732 ipso
1170 4664 1275 4724 muro,
1301 4642 1368 4715 sire
1382 4642 1417 4715 in
