3420 5490
724 688 903 753 ηας-

251 816 366 898 senua,
389 813 474 885 iuern
496 818 609 885 Petrus
631 815 785 906 predictis
810 816 935 887 decano
959 826 993 884 et
1011 814 1155 905 capitulo
1174 802 1383 895 subeundos

248 941 281 998 et
300 949 510 999 soccessores
532 950 609 999 suos
626 942 658 1000 et
677 926 784 999 oronia
806 930 889 999 bona
907 949 964 998 sue
983 925 1112 998 notitia
1130 939 1161 998 et
1188 925 1380 1011 mobilia,

250 1038 411 1129 presentia
434 1054 467 1110 et
490 1042 594 1111 lutura
617 1039 812 1131 ubicornque
839 1037 1008 1111 existentia
1027 1037 1195 1129 obligarit,
1216 1060 1253 1109 se
1273 1051 1305 1109 et
1324 1059 1383 1109 sua

250 1155 333 1222 bona
349 1151 565 1243 jurisdictioni
580 1166 690 1224 nostre
707 1151 796 1224 curie
815 1153 1041 1244 supponendo.
1064 1152 1098 1221 ln
1111 1152 1207 1242 cujus
1221 1150 1267 1221 rei
1290 1148 1384 1221 testi·

250 1264 395 1335 monium
412 1266 618 1357 presentibus
634 1264 748 1337 litteris
765 1263 908 1359 sigillum
928 1262 1169 1336 Aurelianensis
1188 1266 1281 1335 corie
1296 1260 1384 1333 duai-

252 1402 326 1449 nrns
349 1382 591 1473 apponendum.
618 1383 734 1452 llaluut
758 1404 843 1453 anuo
867 1378 994 1452 llonrini
1019 1381 1177 1449 ucuttx
1203 1400 1303 1459 nonu,
1332 1374 1385 1449 die

253 1492 364 1566 martis
388 1508 462 1587 post
481 1493 684 1567 Nativitatem
710 1495 793 1569 boati
809 1496 968 1567 lobannis
978 1491 1116 1588 apostoli
1129 1499 1150 1563 ¹.

732 1828 907 1891 colcxttttt

694 2071 730 2137 Ab
740 2072 853 2155 juillet
875 2070 953 2137 tenu

262 2301 379 2371 ltobert,
394 2302 500 2373 tneque
521 2299 680 2367 d'0rleans,
700 2301 811 2357 emortit
826 2317 862 2357 ao
881 2298 1008 2373 cbapitre
1028 2314 1075 2355 ses
1096 2296 1242 2355 nouvelles
1262 2296 1391 2371 amutal·

704 2398 777 2454 lions
791 2399 828 2455 de
843 2398 941 2455 lloret.

492 2544 582 2617 (orig.
603 2561 626 2600 s.
643 2543 739 2617 parcb.
756 2544 842 2601 Arcb.
859 2543 897 2601 dn
912 2542 1017 2614 loiret,
1029 2544 1063 2602 G.
1079 2544 1161 2615 snb.)

308 2736 473 2810 llnirersis
499 2751 667 2829 presentes
688 2735 811 2809 litteras
836 2736 1032 2831 inspecturis
1064 2738 1236 2821 llobertus,
1259 2734 1394 2810 ntiaera·

264 2848 351 2922 tione
382 2849 488 2922 diuina
523 2851 761 2922 Aurelianensis
795 2849 983 2943 episcopus,
1015 2853 1154 2923 ululent
1188 2850 1220 2921 io
1254 2848 1394 2924 Domino

264 2966 509 3058 sempiternam.
527 2963 642 3036 ltilccti
658 2965 690 3033 in
710 2963 838 3035 Christo
851 2962 905 3034 litii
920 2966 1065 3037 domnus
1083 2977 1117 3037 et
1144 2976 1193 3047 ut,
1213 2962 1393 3057 capituluso

264 3079 405 3150 ecclesie
445 3077 684 3150 Aurelianensis
722 3080 816 3148 noble
859 3076 1022 3150 humiliter
1061 3078 1283 3171 supplicarunt
1318 3102 1393 3153 cunt

265 3192 325 3285 iperi
346 3215 363 3264 a
385 3193 543 3264 llennarrlo
562 3194 719 3263 (tellures
737 3195 893 3285 quasdam
914 3202 1018 3264 terras
1036 3216 1110 3264 corn
1136 3194 1275 3284 quatiant
1295 3195 1395 3268 donno

265 3307 443 3380 emissent'
468 3304 548 3377 nites
576 3308 660 3396 apud
681 3309 782 3377 liores
808 3304 840 3375 in
862 3304 1027 3397 parroclria
1056 3308 1097 3378 de
1117 3305 1252 3379 iloureio
1276 3312 1396 3383 Sancte

266 3422 378 3494 Crucis
407 3422 440 3492 in
471 3423 565 3494 leodo
595 3421 677 3492 Petri
706 3419 782 3493 tlicti
814 3424 1047 3504 Courtebeuse.
1079 3421 1256 3504 domicelli,
1290 3437 1324 3497 et
1352 3426 1395 3497 tle

267 3536 448 3607 rutroleotlo
477 3549 587 3606 nostro
608 3549 787 3623 rnorcntee,
812 3534 993 3628 cujusmodi
1022 3558 1075 3607 res
1100 3548 1227 3628 eruptus
1245 3535 1397 3611 dicebant

266 3648 327 3722 sibi
347 3662 380 3722 et
398 3647 536 3722 ecclesie
551 3671 726 3722 sucessea
746 3647 833 3721 (licto
852 3653 946 3722 l‘etro
958 3649 1222 3731 admortittcataa,
1242 3663 1345 3723 terras
1361 3664 1396 3725 et

267 3767 398 3836 «tornum
419 3763 579 3857 predictas
602 3763 725 3837 eisdem
751 3766 990 3836 admortillcere
1021 3764 1171 3837 similiter
1194 3788 1395 3843 curarentur.

267 3881 330 3950 Nos
345 3876 453 3969 igitur,
470 3875 613 3970 ipsorum
623 3876 912 3971 supplicationibus
926 3876 1084 3961 inclinati,
1097 3891 1200 3951 terras
1215 3893 1249 3953 et
1262 3880 1396 3955 domurn

267 3994 461 4076 antedictas,
475 4016 492 4065 a
506 3992 651 4087 predicto
667 3994 839 4075 bernardo,
861 4007 895 4065 ot
911 3992 1034 4065 dicturo
1054 4009 1118 4080 est,
1139 4007 1277 4087 emptas,
1299 3993 1398 4070 dictis

269 4109 392 4180 decano
411 4122 443 4180 ct
458 4107 598 4201 capitulo
618 4108 826 4199 ipsorumque
850 4107 990 4180 ecclesie
1012 4107 1157 4201 predicte
1176 4109 1401 4183 admortillsa·

270 4243 355 4304 mos.
377 4223 520 4293 uolentes
543 4233 575 4291 et
600 4241 752 4312 expresse
778 4220 999 4293 concedentes
1024 4221 1110 4311 quod
1138 4218 1201 4315 ipsi
1224 4218 1400 4295 dictasses

306 4537 315 4570 ¹
336 4537 399 4592 tleci
425 4541 467 4592 est
489 4535 680 4591 euidesnnnent
704 4550 760 4592 one
773 4550 873 4591 errsur
887 4535 926 4592 dn
940 4536 1032 4592 scribe
1057 4553 1130 4608 pour
1144 4535 1283 4609 Ileptisle.
1305 4550 1403 4593 caron

273 4626 317 4681 n'a
327 4627 429 4696 jamnis
444 4625 554 4682 cAlebre
569 4625 596 4681 Aa
611 4624 729 4682 naurire
741 4624 777 4680 de
791 4624 865 4681 rainl
877 4626 947 4683 lesn
962 4625 1170 4697 l'ssvanaetiste.

308 4721 321 4757 ¹
340 4725 390 4779 Cb.
408 4722 558 4779 coutet.

1283 4844 1322 4899 ἰΙ)
