3420 5490
763 688 941 752 -486-

288 814 444 898 incendii,
459 815 630 900 latrocinii,
652 814 830 905 sanguinis,
853 816 1075 885 bastardorunr
1090 830 1123 887 et
1135 838 1232 908 super
1247 816 1310 889 alio
1324 821 1412 890 omni

288 949 406 1021 genere
433 927 564 1019 justicie
589 940 622 999 et
651 950 750 1019 snper
784 926 930 1019 pluribus
960 926 1032 999 aliis
1056 932 1153 1000 robus
1196 944 1228 1001 et
1253 929 1413 1017 articulis,

288 1071 440 1140 expresse
459 1065 491 1121 et
518 1049 703 1141 specialiter
722 1070 820 1139 super
837 1052 898 1118 hoc
918 1050 1002 1139 qnod
1027 1072 1088 1119 nos
1107 1048 1296 1123 dicebamus
1326 1058 1415 1143 quod

290 1184 349 1232 uos
370 1176 553 1253 poteramus
572 1175 749 1233 oteramus
767 1158 798 1229 in
819 1159 1029 1252 possessione
1042 1161 1194 1253 velqnasi
1209 1164 1340 1235 tenendi
1358 1187 1416 1257 per

290 1296 350 1345 nos
362 1276 415 1345 vel
430 1296 486 1365 per
500 1274 596 1344 alium
617 1275 658 1374 de
672 1274 821 1342 mandato
834 1285 946 1343 nostro
956 1271 1089 1343 assiriae
1102 1296 1161 1345 seu
1176 1274 1290 1366 placita
1304 1291 1414 1349 nostra

290 1386 428 1485 indicta
451 1386 523 1458 vitta
547 1389 587 1458 de
614 1392 759 1478 Noemyo
778 1399 810 1456 et
834 1387 904 1476 ejus
925 1384 1145 1477 pertinenciis,
1175 1389 1273 1461 dictis
1293 1392 1415 1463 decano

292 1513 324 1571 et
337 1502 479 1593 capitulo
492 1501 678 1572 dicentibus
696 1514 729 1572 et
741 1499 962 1571 asserentibus
977 1500 1172 1572 contrarium
1191 1524 1266 1574 esse
1290 1526 1413 1575 rernm.

291 1616 445 1701 Tandem,
468 1614 645 1686 deliberato
663 1617 821 1685 bonorum
836 1612 987 1696 consilio,
1010 1637 1067 1705 per
1086 1630 1324 1706 procuratorem
1338 1640 1416 1690 nos·

293 1744 375 1797 trurn
395 1729 434 1797 ad
456 1729 517 1796 lroc
544 1725 727 1818 specialiter
754 1727 951 1797 destinatum
974 1740 1005 1796 et
1032 1749 1130 1819 super
1156 1728 1218 1799 biis
1243 1731 1416 1801 habentem

291 1842 477 1913 mandatum
512 1839 664 1931 speciale,
691 1838 723 1909 in
759 1839 846 1910 curia
892 1837 1089 1911 serenissimi
1134 1838 1290 1935 principis
1331 1843 1417 1937 regis

293 1960 485 2028 Francorum
511 1969 544 2027 et
563 1978 671 2026 coram
693 1954 854 2045 magistris
879 1956 1026 2045 ejusdem
1046 1953 1149 2041 curie,
1170 1955 1202 2027 in
1223 1959 1417 2050 pallamento

292 2073 376 2162 quod
398 2068 457 2140 luit
476 2071 508 2139 in
536 2067 760 2140 Purificatione
786 2071 878 2140 beate
904 2069 998 2140 llarie
1021 2069 1160 2161 Virginis
1179 2094 1266 2144 anuo
1285 2072 1413 2145 bomini

292 2186 370 2254 ttcc
401 2181 623 2273 nonagesimo,
652 2194 802 2273 presente
829 2196 1037 2273 procuratore
1061 2182 1221 2255 dictorum
1247 2184 1361 2257 decani
1385 2200 1419 2259 et

293 2295 422 2388 capituli
443 2294 474 2365 in
491 2298 642 2367 omnibus
660 2308 693 2365 et
708 2317 764 2385 per
779 2294 886 2365 omnia
900 2293 1005 2365 simile
1025 2296 1212 2366 mandatnm
1232 2301 1370 2371 babente
1384 2314 1418 2373 et

293 2407 464 2500 superbiis
479 2410 823 2499 consenciente,super
833 2408 1024 2479 omuibuset
1036 2408 1174 2500 singulis
1188 2410 1418 2502 premissorum

294 2521 575 2613 compromisimus
594 2524 657 2592 alte
674 2533 707 2591 et
722 2524 816 2591 basse
832 2522 864 2590 in
879 2520 1092 2592 venerabilem
1110 2521 1210 2594 virum
1231 2524 1418 2616 magistrum

293 2638 472 2705 lobannem
494 2633 614 2704 dictum
646 2637 749 2717 barat,
769 2635 922 2703 clericum
950 2647 981 2702 et
1007 2634 1226 2706 consiliarium
1257 2651 1416 2721 nostrum,

295 2745 519 2840 promittentes
536 2769 595 2817 nos
622 2760 730 2816 tenere
756 2757 787 2815 et
812 2743 1036 2815 inviolabiliter
1063 2750 1233 2820 observare
1262 2749 1417 2843 quicquid

294 2883 391 2953 super
411 2859 577 2952 premissis
600 2859 781 2930 ordinatum
809 2861 904 2929 luerit
925 2881 981 2950 per
998 2881 1092 2930 sunno
1111 2862 1232 2934 dictum
1258 2885 1316 2934 seu
1336 2864 1421 2935 ordi·

294 2974 456 3047 nationem
477 2998 533 3046 sen
560 2971 813 3066 disposicionem
832 2975 1027 3043 arbitralem.
1052 2977 1127 3045 l’ost
1145 2978 1206 3046 boc
1218 2999 1292 3048 lero
1307 2976 1415 3051 «lictus

296 3088 486 3161 venerabilis
509 3088 554 3159 vir
585 3088 736 3179 magister
765 3091 941 3173 lohannes,
973 3086 1065 3159 nobis
1089 3102 1121 3160 et
1141 3090 1280 3162 consilio
1307 3108 1419 3165 nostro

296 3202 513 3296 presentibus,
528 3202 624 3273 etiarn
639 3200 873 3272 venerabilibus
886 3200 1135 3293 virislladulplto
1150 3206 1189 3275 de
1199 3206 1418 3291 Clreneverlis,

296 3320 402 3407 legum
421 3319 614 3407 prolessore,
636 3328 669 3384 et
697 3312 865 3384 Guillelnro
896 3315 936 3384 de
968 3317 1140 3397 ldaudnno,
1166 3316 1251 3387 dicte
1281 3318 1421 3391 ecclesie

297 3428 475 3512 canonicis,
489 3451 526 3500 ac
546 3428 689 3520 ipsorum
710 3427 822 3498 decani
842 3441 874 3498 ct
886 3426 1015 3519 capituli
1032 3429 1292 3520 procuratoribus
1306 3434 1422 3505 adhoc

296 3549 336 3617 ab
363 3542 443 3635 ipsis
465 3542 647 3634 specialiter
677 3540 864 3612 constitutis
897 3558 928 3611 et
958 3540 1138 3631 destinatis,
1173 3546 1205 3614 in
1235 3547 1332 3617 tlomo
1358 3570 1417 3619 scu

299 3660 442 3732 manerio
473 3673 584 3729 nostro
614 3658 699 3747 quod
731 3668 862 3725 vocatur
883 3657 1057 3747 llouloigne
1085 3660 1172 3748 justa
1200 3656 1314 3743 llleais,
1335 3684 1423 3734 atino

298 3772 425 3843 bomini
448 3769 621 3841 millesimo
641 3772 688 3840 CC
707 3769 918 3858 nonagesimo
938 3767 1053 3859 prinro,
1087 3772 1138 3841 dic
1166 3772 1314 3843 mercurii
1348 3789 1422 3865 post

299 3890 415 3956 lestnm
433 3884 515 3955 beati
547 3882 672 3954 lluttbei
687 3882 838 3974 apostoli,
862 3881 1217 3973 pronunciavitdictum
1242 3908 1338 3957 suurn
1363 3910 1422 3959 seu

299 3998 539 4069 ordinacionem
571 3996 638 4068 sive
666 3994 918 4087 disposicionem
946 3995 1128 4068 arbitralem
1167 3996 1198 4068 in
1229 4000 1290 4070 lrao
1322 4002 1424 4073 lorma

301 4117 498 4185 verborum:

345 4232 366 4297 l
397 4240 470 4297 tona
488 4249 567 4298 oeus
583 4224 637 4317 qui
653 4238 781 4295 verront
799 4237 879 4295 cest
897 4228 1065 4316 presentes
1086 4227 1208 4313 lettres,
1229 4230 1279 4311 le,
1297 4228 1426 4299 leban·

336 4540 482 4596 variantes
503 4541 538 4594 tle
562 4539 588 4593 la
607 4541 703 4594 cliarte
726 4538 853 4594 cuctsttt
875 4541 997 4608 pouraul
1019 4538 1098 4594 avoir
1121 4556 1161 4595 uu
1182 4538 1285 4596 inldrdl
1299 4540 1426 4611 linguis·

301 4636 465 4779 υςαῗὶᾆίοι.
474 4734 478 4741 ·
486 4743 517 4755 -
533 4714 559 4778 ὁ)
571 4714 632 4779 ote,
644 4715 758 4767 Johaua.
