3420 5490
776 682 817 694 -
836 650 896 713 386
918 684 956 696 -

301 774 463 855 exaltem,
485 794 582 860 super
603 771 746 841 articulis
764 771 818 861 qui
836 784 1002 856 secuntur,
1025 776 1177 845 videlicet
1200 778 1286 865 quod
1315 776 1425 849 dietus

303 881 394 951 miles
415 882 590 952 verberarit
605 886 733 953 Petrum
747 883 924 964 iuniorem,
947 884 1111 955 bominem
1128 899 1274 956 nostrum
1294 889 1426 961 interra

300 995 383 1084 apud
403 994 516 1067 Villam
529 995 607 1064 Galli
624 993 698 1077 sita,
714 993 745 1064 iu
764 1018 825 1087 qua
845 1019 905 1065 uos
919 999 1075 1067 lrabemus
1089 995 1311 1068 omnimodam
1322 1000 1425 1090 juris·

298 1105 486 1191 dictionem,
506 1110 732 1198 etjumenturu
747 1110 893 1199 ejusdem
913 1107 1054 1179 bominis
1079 1109 1165 1201 cepit
1184 1124 1216 1181 et
1235 1111 1367 1182 abduxit
1391 1113 1425 1182 iu

298 1221 423 1301 eadem,
445 1234 477 1290 et
496 1234 624 1311 coptum
641 1220 742 1290 tenuit
760 1235 903 1311 tempore
922 1222 1063 1311 augusti,
1084 1237 1117 1293 ct
1144 1222 1217 1295 ideo
1238 1238 1422 1315 peteremus

298 1330 416 1402 dictam
436 1331 584 1422 injuriam
605 1335 700 1403 nobis
718 1332 882 1403 emendari
900 1356 918 1403 a
934 1333 1034 1405 milite
1053 1337 1239 1425 supradicto
1259 1338 1420 1427 usquead

298 1457 428 1514 centum
444 1443 553 1528 libras,
574 1458 606 1515 et
618 1468 775 1535 expensas
790 1447 865 1516 iude
879 1449 1047 1539 lactnspro
1066 1449 1250 1519 relrabeudo
1269 1448 1357 1519 dieto
1367 1451 1421 1539 ju-

299 1569 408 1642 mento
429 1581 486 1649 per
512 1558 662 1629 ballivum
684 1558 946 1630 druuliaueusem
966 1573 998 1630 ct
1024 1562 1162 1652 dampna
1181 1561 1297 1633 exinde
1317 1562 1425 1634 trabiu

298 1672 394 1762 nobis
425 1670 549 1741 reluudi
576 1695 593 1742 a
623 1673 709 1743 dieto
731 1672 831 1743 milite
859 1671 1009 1744 similiter
1035 1688 1217 1763 peteremus
1249 1698 1353 1766 usque
1383 1678 1424 1747 ad

299 1786 462 1875 sexaginta
483 1786 592 1870 libras,
616 1798 799 1876 peteremus
815 1787 912 1856 etiarn
929 1784 1022 1856 nobie
1037 1785 1161 1857 restitui
1182 1786 1426 1879 possessionem

296 1896 397 1990 partis
417 1898 586 1988 eujusdam
612 1912 696 1968 terre
715 1921 810 1989 quam
831 1901 938 1969 ‹lietus
963 1898 1055 1970 miles
1070 1900 1239 1990 occuparit
1256 1915 1289 1971 et
1312 1924 1424 1973 rouros

297 2032 379 2100 quos
397 2012 442 2079 ibi
457 2008 523 2080 deri
537 2010 612 2080 lecit
623 2009 654 2079 iu
670 2009 883 2101 prejudicium
898 2025 1044 2081 nostrum
1058 2011 1218 2099 demoliri,
1241 2026 1427 2104 peteremus

296 2121 392 2194 etiam
413 2125 499 2212 quod
519 2124 727 2194 desistereta
754 2124 992 2215 perturbatione
1010 2138 1043 2195 et
1062 2124 1294 2217 impedimento
1314 2128 1425 2217 cujus·

297 2239 370 2308 dam
384 2235 499 2308 semite
514 2259 576 2328 rpre
592 2240 674 2308 solet
689 2259 763 2309 osse
789 2235 821 2308 iu
850 2253 931 2309 terra
953 2237 1078 2331 propria
1098 2240 1245 2330 ejusdem
1265 2239 1376 2313 militis
1392 2254 1427 2313 et

298 2352 425 2424 extendi
446 2376 463 2423 a
481 2355 553 2423 villa
574 2376 677 2444 usque
696 2355 734 2423 ad
752 2376 878 2444 aquam,
901 2352 943 2423 ita
959 2357 1045 2444 quod
1060 2377 1120 2425 nos
1139 2370 1171 2426 et
1190 2354 1334 2448 lrospites
1347 2379 1422 2429 uos·

301 2468 339 2535 tri
361 2465 487 2557 possint
502 2469 602 2536 libere
623 2467 667 2535 uti
691 2466 805 2536 semita
826 2466 1008 2557 supradicta
1034 2482 1126 2557 prout
1155 2470 1274 2552 solent,
1294 2484 1420 2560 petere·

298 2600 371 2648 mus
402 2577 497 2648 etiem
514 2582 599 2667 quod
622 2602 686 2647 nou
716 2583 877 2667 ingereret
896 2602 932 2648 se
951 2581 990 2648 ad
1018 2579 1246 2670 campipartem
1266 2603 1340 2651 cum
1360 2604 1423 2653 nos

300 2689 348 2761 nsi
364 2690 517 2761 t'uerimus
538 2690 732 2781 campiparte
752 2690 822 2760 sine
844 2694 916 2780 ipso
943 2705 975 2761 et
1001 2694 1070 2781 ejus
1091 2691 1217 2775 uuutio,
1238 2706 1423 2783 peteremus

297 2803 392 2874 ctiam
421 2805 506 2893 quod
537 2807 696 2894 qrrarulaut
717 2817 838 2892 purtem
866 2817 1059 2873 retraeluuru
1088 2826 1170 2893 urprre
1195 2828 1290 2893 rprruut
1307 2822 1420 2876 contra

298 2916 523 2986 inhibitionem
544 2932 684 2986 nostram
701 2919 776 2985 lecit
792 2916 906 2998 excoli,
930 2916 1082 2986 seuriunri
1102 2931 1133 2986 et
1151 2918 1279 2987 bladum
1290 2920 1424 3009 abspor-

297 3030 367 3113 tari,
389 3032 429 3100 de
455 3033 546 3120 cujus
576 3043 664 3119 prante
688 3040 845 3099 retractus
877 3030 997 3098 luimus
1030 3030 1061 3097 iu
1081 3028 1300 3119 [nossessioue
1325 3031 1420 3101 uobis

295 3143 478 3214 restitueret
502 3157 533 3213 et
559 3145 757 3212 emendaret.
779 3144 920 3211 'laudem
942 3165 1002 3213 uos
1022 3155 1054 3211 et
1078 3140 1184 3213 dietus
1210 3141 1303 3213 miles
1323 3167 1421 3235 super

295 3255 390 3325 dictis
410 3255 672 3326 contentionibus
692 3254 973 3343 compromisimus
992 3254 1023 3323 iu
1048 3253 1173 3325 uolriles
1189 3256 1272 3325 viros
1287 3259 1421 3346 Steplra·

295 3394 371 3440 nuru
402 3373 442 3440 de
472 3374 598 3440 Cultura
627 3384 657 3439 et
679 3372 884 3438 lluillelmuru
914 3368 1096 3451 llauicardi,
1122 3369 1256 3451 milites,
1288 3370 1421 3461 prrorrril·

296 3497 401 3553 tentes
421 3487 481 3553 sub
511 3505 590 3573 penu
627 3482 754 3571 triginta
778 3481 928 3550 librarum
951 3482 1178 3570 parisiensium
1199 3481 1351 3554 biuciude
1367 3506 1424 3573 ap·

296 3597 398 3687 positu
411 3611 442 3667 ct
463 3620 519 3687 per
540 3599 634 3664 tidem
655 3598 775 3665 adleto
797 3594 1113 3684 llubertoprestitorn
1134 3600 1333 3686 corporalem
1355 3617 1417 3667 nos

295 3713 524 3780 observaturos
544 3708 699 3798 ‹pricquid
714 3706 788 3778 dicti
806 3712 988 3798 Stcplrauus
1000 3724 1032 3777 ot
1051 3712 1246 3780 (luillcrurus
1261 3713 1301 3780 rle
1323 3709 1421 3781 dietis

295 3822 559 3893 contentionibus
591 3846 669 3911 paee
701 3824 747 3890 vel
772 3819 895 3910 judicio
934 3820 1082 3890 rluxeriut
1110 3824 1339 3905 ordinandum,
1370 3826 1419 3893 rel

293 3934 447 4025 quiequid
481 3934 632 4005 domiuus
663 3932 830 4024 l'lrilippus
863 3936 903 4003 de
936 3932 1102 4017 llorviller,
1135 3936 1277 4027 desupu
1297 3938 1420 4007 electus

296 4072 393 4141 super
418 4049 584 4141 predictis,
622 4050 747 4118 duxerit
785 4050 1002 4118 ordinandum
1031 4047 1058 4117 si
1080 4048 1185 4119 dictos
1221 4052 1420 4141 Stcplranum

295 4182 326 4236 et
363 4165 571 4235 duillermum
606 4162 637 4232 in
683 4165 874 4254 prolereudo
906 4162 992 4231 dieto
1029 4186 1088 4232 suo
1129 4186 1228 4254 super
1266 4162 1420 4255 predictis

292 4279 464 4369 contigerit
507 4277 703 4347 discordare.
753 4274 973 4346 l'roruittimus
1016 4274 1112 4345 etiam
1159 4298 1219 4348 uos
1257 4280 1421 4349 soluturos

291 4392 409 4462 dietam
444 4416 557 4484 peuaru
600 4394 719 4481 prelirto
764 4392 902 4459 lluberto
944 4388 970 4459 si
1007 4388 1180 4479 eontigerit
1220 4412 1280 4461 uos
1312 4388 1420 4461 retrire

289 4505 541 4576 contradictum
575 4504 845 4594 compromissum
873 4502 1052 4594 ;prourisit
1086 4515 1194 4574 nutem
1223 4502 1318 4573 uobis
1349 4502 1420 4574 dic·

289 4635 340 4690 tus
368 4622 528 4689 llubcrtus
552 4641 587 4689 se
610 4620 789 4687 soluturum
817 4614 910 4687 uobis
934 4615 1053 4685 dictam
1079 4638 1195 4707 penam
1222 4614 1350 4707 triginta
1379 4614 1418 4686 li·
