3420 5490
795 1139 915 1201 CXXIV

753 1405 852 1484 Bloin,
876 1403 955 1469 1200

288 1667 327 1722 Le
341 1663 466 1736 chapitre
480 1661 608 1728 accoron,
626 1678 661 1717 en
674 1661 797 1732 &change
811 1660 846 1717 de
867 1677 898 1716 ru
918 1660 1111 1717 renunciation
1133 1661 1149 1715 t
1170 1675 1227 1716 une
1247 1660 1360 1732 portion
1379 1659 1416 1717 tio

324 1756 430 1829 t'tgtiae
461 1756 497 1810 de
529 1757 638 1824 Nauna,
660 1769 697 1810 ru
720 1753 793 1809 clerc
816 1752 987 1822 (tuillium,
1010 1755 1055 1809 tlte
1070 1753 1105 1809 de
1119 1755 1152 1810 P.
1170 1772 1184 1806 r
1199 1754 1307 1810 tieretti
1319 1772 1347 1826 a,
1359 1770 1418 1811 unc

323 1850 442 1922 peneion
456 1848 492 1904 de
507 1848 541 1904 t0
553 1863 621 1905 roua
634 1848 745 1921 pariete,
756 1848 870 1920 junqn’a
882 1863 913 1904 ce
925 1848 995 1919 qu'it
1009 1849 1049 1904 ait
1061 1848 1167 1904 obtenu
1179 1863 1220 1904 nn
1236 1846 1372 1904 bintticu

443 1991 534 2064 (Oria.
548 1993 633 2048 Arctn
649 1991 689 2047 du
704 1992 807 2061 iniret,
821 1991 856 2048 G.
872 1991 935 2048 35³.
951 1991 1074 2049 Mention
1086 1990 1261 2065 Scriptum).

745 2202 965 2275 rnnonttnt‘ttuu

332 2402 530 2496 BtrnatriusL
568 2399 627 2472 Dci
667 2397 767 2492 gratia
801 2401 910 2472 Sancti
946 2398 1133 2472 Launomari
1175 2397 1352 2484 lticacneie,
1379 2412 1419 2473 et

290 2516 511 2610 Sieiucciiusi,
531 2518 626 2585 Beate
638 2513 731 2585 tiarie
747 2512 911 2584 Pontiieuii
923 2516 1071 2598 abbates,
1083 2510 1235 2584 omnibus
1248 2524 1418 2605 presentes

291 2627 413 2699 litterae
433 2624 625 2717 inspecturis
644 2628 780 2696 satutem
800 2628 833 2696 in
855 2648 929 2697 uero
955 2627 1098 2696 satutari.
1121 2630 1200 2695 Curn
1225 2625 1308 2697 inter
1322 2626 1417 2716 capi-

292 2743 393 2811 tutum
414 2744 530 2810 Sancte
546 2738 657 2810 Crucis
677 2736 928 2823 Aurelianensis,
951 2761 989 2810 ex
1010 2760 1072 2808 una
1085 2754 1191 2830 parte,
1217 2752 1250 2809 ct
1276 2737 1415 2831 wunn-

290 2856 407 2947 muml,
429 2852 584 2926 clericum
616 2852 715 2923 titium
737 2858 771 2924 P.
812 2852 950 2937 rtesctti,
981 2852 1118 2934 cratia,
1158 2854 1414 2945 superquartam

290 2968 436 3061 portione
459 2991 554 3059 qnam
586 2965 618 3037 in
638 2965 775 3039 eccioeia
796 2969 836 3039 dc
855 2966 945 3039 Naim
954 2968 1026 3058 jure
1039 2963 1231 3038 irercriitaric
1253 2965 1414 3058 erigebat,

288 3084 478 3154 auctoritate
509 3079 684 3173 apostolica
708 3083 927 3152 controversia
959 3093 1135 3152 uerteretur
1158 3102 1270 3151 coram
1300 3078 1411 3165 nonin,

291 3211 365 3289 pont
378 3198 495 3267 multus
509 3194 705 3285 litigationes
725 3197 832 3266 dictus
851 3194 1071 3286 w[itietmuul,
1096 3196 1255 3265 bonorum
1275 3192 1416 3265 uirorum

290 3333 369 3381 naun
396 3308 546 3393 consitio,
567 3307 612 3377 itii
637 3306 773 3400 portioni
794 3306 1031 3379 abrenuntiavit
1049 3320 1082 3378 et
1095 3308 1226 3399 penitus
1244 3306 1413 3399 abjurarit,

288 3437 321 3495 et
338 3436 426 3515 pater
440 3424 510 3514 ejus
529 3421 688 3492 similiter.
711 3421 839 3493 Dictum
855 3444 931 3493 vero
945 3420 1133 3512 capitutum,
1149 3418 1267 3491 intuitu
1286 3419 1415 3513 pictatio

288 3551 322 3608 et
336 3533 594 3607 consideratione
611 3534 807 3626 paupertatis
823 3557 896 3620 aue,
917 3535 1030 3605 decern
1045 3532 1168 3605 eutition
1188 3530 1414 3625 parinieuriunr

288 3647 453 3721 annuatim
468 3647 692 3740 percipiendos
702 3647 736 3717 in
747 3654 829 3720 tento
849 3646 957 3719 Sancti
972 3651 1094 3718 'itromc
1106 3646 1243 3740 apostati
1258 3642 1416 3739 iamdicto

288 3762 407 3835 clerieo
422 3776 668 3848 concesserunt,
690 3785 860 3854 quousque
877 3785 934 3855 per
953 3761 1059 3855 ipsum
1071 3759 1191 3852 atiquitt
1211 3759 1413 3832 ecclesiacti-

289 3900 363 3950 cum
378 3875 570 3950 beneticiurn
586 3875 679 3948 inerit
693 3892 892 3962 assecutum,
912 3881 996 3949 unde
1014 3879 1114 3948 taient
1126 3897 1269 3968 congrue
1283 3888 1414 3947 enaten-

289 3994 360 4065 tari.
379 3995 472 4079 Quot
502 4007 535 4063 ut
555 4007 658 4063 ratum
680 4008 867 4083 permaneat
893 4007 1060 4087 presentet
1086 3993 1208 4063 titteraa
1231 3990 1413 4083 aissitiorunt

289 4119 473 4178 nostrorum
490 4105 670 4177 munimine
689 4106 838 4179 riuniruuu
858 4104 1011 4180 roborari.
1042 4110 1155 4176 ictum
1175 4102 1291 4191 itteris,
1327 4123 1415 4175 anuo

288 4219 389 4312 gratie
409 4224 434 4290 Ι
460 4218 694 4291 ducentesimo.
