3420 5490
794 698 974 762 -439-

799 969 964 1039 cccxxvi

782 1205 801 1265 9
824 1204 889 1264 tttui
906 1203 985 1266 llll}

323 1402 410 1457 Vente
425 1418 460 1457 nu
482 1400 606 1473 chapitre
631 1417 681 1473 pur
696 1401 825 1471 Geollroy
846 1399 884 1455 du
903 1399 1103 1470 Meenilgimud
1127 1398 1162 1456 tle
1176 1401 1192 1455 7
1208 1417 1233 1457 et
1241 1406 1321 1474 pente
1336 1400 1371 1456 de
1386 1398 1448 1458 bole

356 1499 432 1554 audit
455 1499 521 1566 lieu,
544 1497 580 1554 l5
593 1515 662 1555 sons
685 1497 721 1553 de
739 1515 806 1554 cens
825 1503 852 1554 rt
876 1513 932 1554 nne
958 1497 1061 1570 peliae,
1082 1499 1108 1555 le
1124 1501 1182 1555 toul
1209 1517 1281 1570 pour
1307 1501 1343 1558 ll)
1365 1500 1449 1557 lieres

365 1613 466 1652 tarnem.

355 1615 363 1669 Ι
546 1693 632 1763 (Orig.
650 1710 673 1748 s.
690 1693 787 1764 perch.
804 1693 890 1748 ureb.
906 1691 945 1748 du
964 1693 1067 1763 loiret,
1089 1693 1122 1748 G.
1143 1693 1220 1763 850).

367 1858 528 1926 Omnibus
552 1869 720 1947 presentes
749 1855 871 1926 litteras
898 1853 1094 1946 inspecturis
1118 1853 1275 1947 l‘ltilipus,
1306 1857 1449 1928 decanus

323 1967 565 2038 christianitatis
604 1967 819 2059 Stampensis,
860 1970 1010 2039 salutem.
1045 1969 1164 2038 Notum
1194 1967 1330 2041 lecimus
1362 1971 1448 2061 quod

324 2103 429 2150 coram
451 2079 544 2149 nobis
573 2080 605 2148 in
635 2079 753 2167 iutlreio
779 2079 973 2150 constitutus
998 2078 1168 2150 Gaulridus
1194 2078 1300 2150 (lictus
1323 2082 1364 2152 de
1388 2085 1450 2152 lle·

324 2199 439 2270 nelleio
464 2199 606 2283 Giraruli,
625 2201 777 2283 clericus,
796 2200 983 2290 recognovit
1001 2220 1037 2268 se
1059 2197 1243 2269 uendidisse
1262 2212 1295 2269 et
1319 2199 1450 2272 nomine

324 2312 523 2383 vendicionis
539 2313 774 2404 imperpetuum
793 2312 967 2404 qtritarisse
986 2310 1153 2383 canonicis
1172 2312 1311 2386 ecclesie
1332 2318 1450 2386 Sancte

326 2426 438 2498 Gumis
464 2427 703 2499 tlrtrcliauensis
727 2442 851 2520 septem
875 2441 1007 2520 arpenta
1028 2426 1117 2498 botei
1138 2425 1198 2499 sito
1219 2429 1303 2522 eputl
1328 2427 1449 2502 «lictum

326 2547 444 2626 locum,
466 2543 615 2635 contigua
635 2569 672 2615 cx
689 2568 749 2614 nna
771 2557 860 2636 parte
880 2547 980 2616 bosco
995 2542 1154 2615 diclorum
1172 2549 1405 2618 canonicorum
1419 2558 1452 2618 et

326 2682 361 2729 cx
382 2660 479 2729 alteru
499 2673 587 2750 parte
611 2663 709 2729 bosco
729 2657 870 2730 detuncti
891 2656 1054 2730 Guillenni
1080 2657 1156 2730 dicti
1182 2660 1223 2730 tle
1240 2662 1450 2751 llenegiraut,

324 2776 485 2863 ‹ptrornlam
503 2772 628 2857 militis,
651 2777 683 2841 iu
704 2775 832 2844 consiva
854 2772 1012 2844 dictorum
1028 2772 1271 2845 canonicorum.
1288 2778 1453 2867 llccogno·

325 2887 366 2956 vit
401 2888 496 2957 ctiam
539 2887 623 2958 itlem
651 2886 788 2958 clericus
824 2910 860 2958 se
894 2887 1077 2958 vendidisse
1111 2887 1243 2979 prelatis
1283 2889 1452 2961 canonicis

324 2999 509 3089 quindecim
531 2999 652 3072 solirlos
676 2999 899 3092 parisiensium
920 3004 1020 3072 anniti
1040 3024 1160 3073 census
1187 3016 1219 3073 et
1245 3025 1344 3073 unam
1363 3002 1453 3095 galli·

327 3139 399 3185 narn
415 3116 578 3186 annuatim
600 3113 857 3207 persolvendam,
880 3140 936 3207 pro
958 3111 1166 3208 qnadraginta
1187 3115 1277 3188 libris
1297 3115 1453 3211 parisien·

326 3232 408 3300 sium
445 3230 552 3302 omnia
592 3229 747 3321 premissa
790 3229 931 3312 vendita,
961 3229 1022 3301 sibi
1060 3234 1100 3301 ab
1131 3229 1254 3302 eisdem
1285 3231 1452 3306 canonicis

328 3342 511 3434 persolutis,
528 3356 559 3414 ct
580 3345 619 3413 cle
637 3344 753 3434 utribus
773 3342 912 3414 denariis
925 3365 961 3415 sc
976 3343 1078 3415 tenuit
1094 3343 1237 3438 plenarie
1250 3369 1308 3438 pro
1322 3358 1449 3439 pagato,

328 3457 504 3548 exception
530 3481 593 3528 non
614 3471 780 3529 numerate
807 3455 867 3528 sibi
889 3455 1024 3550 peenoie
1051 3481 1114 3530 non
1139 3459 1247 3551 babite
1273 3473 1306 3530 et
1324 3473 1453 3553 recepte

328 3571 456 3661 penitus
473 3585 505 3642 et
523 3594 674 3662 expiressc
690 3569 885 3643 renuncians
897 3586 928 3642 ct
949 3594 1004 3663 per
1024 3573 1131 3642 utem.
1150 3576 1197 3643 De
1215 3572 1358 3664 predicta
1378 3596 1454 3645 vero

328 3685 516 3756 condicione
547 3685 771 3776 garantinanda
802 3708 838 3756 se
869 3678 1077 3775 tldejmsores
1106 3685 1346 3757 constituerunt
1375 3709 1451 3778 erga

326 3800 430 3867 dictos
451 3799 625 3869 canonicos
643 3814 675 3869 et
697 3798 832 3889 quilibet
852 3797 1036 3868 insolidum
1061 3821 1118 3889 pro
1139 3803 1262 3890 prelato
1277 3797 1395 3871 elerico
1421 3813 1454 3872 et

326 3914 364 3980 aul
385 3915 456 4001 ejus
485 3911 678 4003 peticionem
705 3911 758 3983 isti
782 3935 919 4004 ortorum
943 3913 1074 3983 nomina
1097 3913 1344 3984 subsecuntur:
1367 3915 1454 3984 Guil-

327 4028 446 4096 lernms
473 4028 512 4097 tle
533 4026 727 4110 ttoinvittari,
748 4025 854 4109 miles,
876 4025 1071 4097 Gnillermus
1097 4025 1204 4099 dictus
1224 4030 1453 4112 Dementlator,

327 4139 482 4211 (lunaribus
497 4143 537 4211 de
553 4140 774 4231 Guignonrilla
800 4155 832 4212 et
850 4144 1015 4213 lebannes
1041 4144 1081 4213 de
1101 4141 1336 4234 Gnignonrilla,
1358 4142 1455 4214 armi-

327 4254 406 4343 geri,
428 4253 561 4345 quilibet
587 4269 617 4324 et
634 4279 689 4345 per
710 4258 816 4325 tidem.
840 4256 1029 4346 Obligantes
1049 4268 1111 4324 tam
1133 4256 1297 4347 predictus
1316 4257 1455 4329 clericos

327 4367 448 4436 eistlem
474 4367 637 4438 carronieis
659 4392 753 4458 quiam
774 4371 983 4459 lulejtrssores
1003 4372 1042 4440 tle
1061 4368 1232 4460 garantizia
1253 4356 1398 4443 iacienda
1418 4394 1454 4443 sc

326 4496 356 4551 et
371 4483 504 4554 lterctles
517 4506 593 4553 surus
612 4495 644 4554 ct
665 4482 695 4553 in
710 4487 764 4574 jus
780 4508 874 4555 sunm
888 4508 1097 4556 successores
1117 4486 1199 4556 bona
1213 4509 1270 4556 sua
1288 4486 1455 4579 presencie

328 4603 446 4689 {rariter
465 4613 496 4669 ct
516 4604 631 4684 lurtum,
655 4599 784 4670 mobilia
800 4613 830 4671 ct
846 4598 1035 4671 immobilia.
1060 4600 1212 4673 Promisit
1230 4601 1327 4672 etiam
1348 4602 1455 4674 lictus

327 4713 462 4785 clericus
483 4738 517 4785 se
537 4714 733 4806 garantizare
754 4717 914 4807 predictas
936 4737 987 4787 res
1007 4715 1154 4788 venditas
1175 4714 1271 4789 (lictis
1286 4715 1455 4789 canonicis
