3420 5490
777 661 936 723 „91-

288 788 378 876 regni
399 789 614 877 gobernaeuta
634 788 673 855 ad
694 789 757 857 troo
776 784 907 876 regibus
922 785 1096 856 commissa
1117 797 1206 868 sunt,
1223 797 1256 859 ut
1277 782 1415 875 primum
1493 812 1495 814 ’

290 905 373 972 bene
396 912 576 989 seregent,
607 901 725 970 deinde
758 898 907 989 legalium
945 922 983 970 sc
1012 899 1164 990 regalium
1191 901 1414 969 mandatorum

289 1025 530 1104 contemptores
551 1013 653 1082 ultore
667 1010 773 1102 gladio
790 1010 909 1103 potenti
927 1010 1043 1082 virtute
1063 1010 1261 1102 percucient,
1284 1015 1415 1103 utquod

290 1125 483 1217 pontificalis
514 1124 688 1195 auctoritas
728 1123 813 1194 verbi
851 1123 950 1215 gratia
977 1148 1039 1195 nou
1062 1128 1215 1215 prevalet,
1251 1125 1415 1217 ltoorcgia

290 1236 1415 1330 potestascorrigendosubmiuistret.Postmodumsotemcorumdem

290 1352 479 1423 multimoda
500 1349 617 1442 pictate
637 1373 747 1442 regum
764 1351 958 1422 orthodoxe*
982 1348 1146 1439 religionis
1165 1352 1306 1422 cultores
1326 1349 1417 1422 beni·

290 1465 395 1559 guiter
414 1465 603 1537 consolandi
628 1478 716 1546 snut,
733 1483 800 1536 eta
822 1465 958 1535 seculari
984 1463 1150 1536 exactione
1179 1463 1307 1555 penitus
1337 1463 1416 1536 libe·

291 1579 394 1665 randi,
418 1595 453 1652 ut
482 1582 521 1652 ad
549 1578 728 1650 orationum
761 1576 965 1662 instanciam,
991 1601 1049 1669 pro
1071 1601 1151 1671 pace
1179 1591 1212 1650 et
1244 1577 1417 1651 stabilitate

291 1693 415 1788 imperii
456 1692 623 1766 christiani
657 1693 764 1765 devoti
795 1694 982 1776 reddantur,
1018 1706 1051 1765 et
1082 1695 1122 1763 ab
1161 1691 1415 1766 adversariorum

292 1807 452 1882 tirannide
472 1806 571 1900 quieti
593 1820 818 1901 permanentes
838 1819 871 1879 et
889 1805 994 1888 securi
1010 1804 1147 1879 Domino
1163 1813 1230 1881 Deo
1245 1831 1318 1881 com
1335 1830 1417 1900 pan*

291 1923 345 1995 dio
365 1937 520 2015 perpetuo
542 1926 746 1994 famulentur.

337 2035 462 2122 Quibus
488 2036 667 2107 diuinorum
684 2035 876 2107 testimoniis
896 2037 1099 2107 decretorum
1132 2058 1193 2128 ego
1222 2036 1416 2118 Ludovious,

292 2147 348 2220 Dei
373 2151 473 2238 gratia
495 2153 686 2220 Francorum
715 2172 781 2232 rex,
808 2148 1040 2239 aliquantulum
1066 2146 1223 2230 eruditus,
1249 2146 1347 2218 immo
1377 2149 1417 2218 de

293 2261 458 2332 beneficiis
484 2260 695 2332 ecclesiarum
718 2260 811 2332 nobis
834 2262 873 2330 ad
901 2265 1055 2333 tuendum
1089 2259 1275 2331 commissis
1310 2259 1418 2333 minus

293 2398 386 2465 quam
408 2377 538 2445 deceret
554 2389 717 2456 metuens,
735 2374 867 2464 dignum
888 2386 921 2445 et
940 2373 1017 2445 utile
1037 2373 1186 2445 ducimus
1206 2386 1241 2443 ut
1258 2371 1417 2444 uniuersis

293 2502 404 2559 sancte
419 2487 530 2559 matris
547 2487 685 2561 ecclesie
705 2490 882 2559 cultoribus
898 2502 961 2559 tam
983 2486 1121 2579 posteris
1136 2511 1231 2578 quom
1247 2501 1279 2558 et
1294 2486 1419 2558 instan-

293 2604 378 2674 tibus
398 2603 587 2694 cyrographi
626 2601 780 2672 memoria
800 2624 1024 2683 recensemus,
1054 2601 1126 2692 quia
1157 2600 1261 2671 tocius
1288 2604 1419 2691 querele

292 2715 521 2806 calumpniam,
542 2739 637 2806 quam
659 2717 812 2786 aduersus
825 2714 1000 2787 canonicos
1020 2729 1131 2787 sancte
1163 2714 1274 2786 Cmcis
1294 2712 1326 2783 in
1349 2713 1419 2785 dis·

293 2828 525 2901 memoratione
542 2827 675 2899 decanie
694 2828 838 2918 ejusdem
857 2827 996 2899 ecclesie
1018 2826 1093 2898 licet
1118 2826 1267 2899 inmerito
1279 2831 1421 2919 calump-

292 2942 472 3025 niabsmur,
488 2940 713 3033 perpetualiter
728 2940 867 3030 qrrietam
885 2939 1078 3025 dimisimus,
1090 2955 1133 3025 et,
1144 2943 1415 3032 quemadmodum

295 3056 327 3126 in
348 3068 501 3148 precepto
522 3054 619 3146 patris
638 3054 737 3126 nostri
754 3052 851 3125 donni
869 3054 1004 3146 l‘lrilippi
1022 3054 1109 3144 regis
1129 3079 1166 3127 ex
1178 3057 1418 3127 oblatiseorum

296 3169 451 3263 scriptum
473 3171 619 3254 babetur,
641 3168 682 3239 ita
702 3170 832 3239 casdem
847 3169 970 3237 oblatas
983 3168 1112 3258 prelatis
1131 3166 1297 3244 canonicis
1314 3169 1419 3240 modis

296 3283 448 3355 omnibns
485 3281 698 3374 possidendas
723 3281 949 3353 concessimus
968 3295 1001 3352 et
1015 3280 1191 3353 baberidns.

296 3443 298 3446 <
343 3402 489 3468 Preterea
508 3394 668 3468 universis
688 3395 719 3466 iu
740 3417 839 3486 regno
859 3410 970 3466 nostro
991 3393 1236 3467 successoribus
1249 3409 1280 3467 et
1295 3395 1422 3468 beredi-

298 3515 357 3582 bos
371 3508 492 3582 uostris
513 3523 621 3580 notum
645 3509 710 3580 lieri
726 3514 873 3582 uolumus
893 3533 930 3581 ac
945 3523 1068 3582 eertum
1082 3509 1191 3580 baberi
1213 3510 1285 3600 quia
1308 3511 1418 3581 domo·

298 3650 366 3695 rum
387 3624 639 3706 edificationem,
672 3648 766 3715 puram
788 3649 885 3716 super
904 3648 1013 3695 muros
1033 3621 1170 3696 civitatis
1190 3639 1299 3696 nostre
1323 3628 1421 3697 lure·

298 3737 452 3810 lianeusis
481 3741 603 3829 absque
635 3761 771 3810 assensu
808 3753 919 3809 nostro
946 3739 1012 3809 lteri
1034 3736 1342 3829 calumpniabamur,
1368 3738 1421 3809 di-

297 3867 409 3923 centes
429 3876 493 3921 non
516 3850 625 3933 licere,
641 3851 820 3922 interuentu
839 3865 871 3923 et
890 3850 1034 3923 oratione
1046 3853 1258 3941 quorumdam
1279 3851 1420 3923 bdelium

298 3979 494 4049 nostrorum,
517 3962 616 4033 immo
634 3965 863 4035 canonicorum
885 3966 1059 4054 peticione,
1082 3962 1113 4032 in
1136 3962 1297 4035 uniuersis
1318 3966 1422 4035 domi-

299 4081 358 4147 bus
380 4076 460 4145 inlra
481 4080 659 4147 claustrum
680 4090 792 4147 sancte
812 4080 926 4147 Crucis
945 4075 1135 4166 compositis
1154 4091 1250 4167 atque
1268 4080 1299 4145 in
1316 4091 1422 4168 poste-

299 4213 370 4258 rum
392 4188 636 4279 componendis,
656 4205 719 4258 tam
740 4188 933 4278 laicisqusm
954 4188 1092 4269 clericis,
1107 4201 1138 4258 ct
1151 4190 1238 4278 ligno
1256 4202 1290 4259 et
1303 4187 1419 4279 lapide,

299 4301 454 4392 deinceps
469 4300 629 4386 edificare,
654 4313 746 4389 prout
767 4303 940 4389 unicuique
969 4299 1135 4390 placuerit,
1161 4315 1266 4390 preter
1297 4316 1420 4390 poster·

981 4521 1422 4534 m

334 4662 343 4701 ¹
364 4662 455 4720 essnsl
469 4662 569 4719 cedittd
579 4662 649 4718 dens
663 4665 723 4718 tout
738 4662 827 4718 t'acto.
