3420 5490
768 709 806 722 ..
826 677 885 741 308
906 713 945 726 ..

731 938 740 957 ’
794 950 922 1012 CCXVll

815 1205 893 1268 teet

290 1429 483 1501 composition
492 1434 571 1484 entre
581 1430 606 1483 le
620 1427 744 1500 cliapitre
754 1429 782 1481 et
793 1425 899 1483 tuton
908 1424 1088 1496 dellillepion
1109 1427 1242 1482 touchant
1253 1426 1360 1501 l'nsage
1372 1428 1407 1483 de

326 1525 484 1597 l'tanquine
498 1529 526 1578 ot
541 1523 688 1578 l'exercice
703 1522 738 1576 da
750 1528 792 1576 cet
809 1537 894 1590 usage
906 1535 912 1576 :
926 1536 983 1575 une
995 1522 1135 1576 cliarrette
1149 1522 1184 1576 do
1197 1520 1259 1577 bois
1271 1540 1322 1594 par
1332 1525 1415 1593 jour,

326 1627 353 1674 ot
367 1620 417 1675 dee
430 1619 576 1675 cliarnlers
589 1618 725 1685 teclsalas)
740 1633 774 1672 en
788 1617 907 1672 nombre
921 1616 1019 1672 limite.

363 1756 455 1827 (one.
472 1772 495 1811 s.
512 1755 598 1825 parclt
626 1754 710 1808 drcli.
727 1752 765 1807 du
780 1752 884 1821 Loiret,
899 1752 932 1807 G.
947 1751 1020 1821 ec&
1036 1753 1162 1808 mention
1176 1752 1346 1825 Scriptum).

337 1945 516 2036 Philippus,
548 1944 605 2014 llei
641 1944 739 2034 gratia
771 1942 1008 2013 Aurelianensis
1039 1942 1226 2035 episcopus,
1257 1945 1418 2015 universis

294 2071 461 2148 presentes
489 2057 611 2127 litteras
639 2056 833 2146 inspectoris
861 2055 892 2124 in
925 2054 1061 2125 Domino
1088 2060 1237 2126 satutem.
1260 2056 1411 2127 Noverint

292 2169 430 2239 universi
461 2172 547 2260 quod
573 2167 681 2239 dilecti
713 2172 745 2237 in
782 2167 908 2237 Cinium
932 2171 990 2238 tilii
1017 2169 1159 2239 decanus
1185 2183 1217 2239 et
1240 2168 1416 2261 capitulum

291 2281 584 2364 sufetulensem
599 2306 659 2351 nin
670 2298 770 2372 piane,
783 2294 813 2350 et
824 2284 987 2351 Atitiertns
1002 2281 1042 2349 de
1056 2282 1241 2371 Vilerpium‚
1258 2283 1363 2363 miles,
1379 2304 1416 2353 et

291 2398 403 2477 altera,
424 2408 615 2485 rogaverunt
635 2416 694 2463 nos
714 2394 801 2484 qnod
827 2392 875 2462 sis
895 2393 1015 2462 litteras
1036 2406 1163 2463 nostras
1184 2391 1417 2465 testimoniales

292 2510 546 2579 concederemus
574 2530 671 2597 super
697 2505 862 2576 decisione
889 2505 1188 2596 contentionisque
1212 2509 1313 2577 luerat
1333 2505 1416 2577 inter

292 2620 405 2711 ipsos;
425 2643 520 2711 quam
545 2622 786 2689 contentionem
812 2632 843 2687 et
869 2642 965 2708 qnam
995 2618 1192 2690 decisionem
1220 2640 1420 2709 recognove-

293 2748 366 2803 runt
383 2756 492 2803 coram
509 2731 602 2802 nobis
623 2731 726 2802 taliter
740 2730 949 2821 processisse,
971 2730 1118 2802 videlicet
1132 2734 1216 2821 quod
1230 2755 1303 2802 cum
1318 2749 1417 2804 verte

294 2860 383 2917 retur
403 2844 568 2915 contentio
585 2844 666 2914 inter
688 2845 849 2935 predictos
870 2846 1026 2913 decanum
1043 2860 1074 2913 et
1089 2843 1277 2936 capitulum,
1296 2866 1332 2915 et
1354 2869 1418 2916 una

294 2975 393 3053 parte,
424 2975 455 3028 et
485 2958 740 3048 piretioininotnni
781 2962 1029 3040 tubertinum
1059 2962 1169 3040 altero,
1195 2982 1292 3050 snper
1321 2964 1418 3031 sinodo

293 3076 443 3167 caedendi
456 3077 495 3143 al»
511 3074 593 3165 ipso,
611 3071 747 3162 singolis
768 3072 896 3154 dietus,
914 3095 1007 3142 nisani
1023 3075 1242 3164 ‹ptiadrigatam
1260 3073 1418 3164 lignorum

292 3187 323 3257 in
345 3208 476 3257 nemore
493 3186 622 3275 capituli
644 3188 683 3255 de
704 3189 910 3274 Planqucnc;
928 3187 1056 3255 tandem
1076 3184 1208 3276 predicti
1223 3187 1367 3258 decanus
1386 3202 1419 3259 et

291 3299 466 3391 capitulum
487 3310 519 3366 et
536 3298 621 3367 idem
643 3302 814 3379 dulicrtns,
834 3301 874 3367 de
898 3321 1061 3367 consensu
1083 3297 1188 3367 uxoris
1209 3294 1267 3369 sue
1286 3315 1317 3368 et
1338 3300 1419 3371 lilio·

293 3437 361 3482 rum
382 3435 528 3492 suorum,
552 3414 614 3479 lile
630 3414 669 3479 ali
688 3411 736 3481 eis
757 3424 898 3500 recepta,
920 3424 1021 3480 totum
1043 3409 1234 3480 ordinationi
1255 3426 1287 3482 et
1311 3414 1418 3483 decla·

293 3525 406 3597 rationi
428 3526 616 3595 dilectorum
653 3524 788 3593 tiliorum
810 3523 958 3616 lidberti]
980 3523 1107 3605 decani,
1122 3523 1262 3617 llzicobi]
1278 3524 1420 3597 casttoris

293 3654 325 3712 et
355 3638 509 3732 ll[enriei]
538 3637 754 3709 archidiaconi
777 3637 1017 3709 Aurelianensis
1038 3642 1111 3709 licut
1139 3652 1171 3709 et
1198 3640 1256 3711 lus
1281 3638 1420 3712 comini-

294 3768 419 3825 serunt.
440 3753 501 3843 ipsi
523 3776 610 3834 vero,
631 3755 670 3822 de
692 3776 855 3822 consensu
877 3751 1043 3843 utriusque
1057 3752 1169 3843 plactis,
1190 3754 1234 3824 ita
1253 3754 1421 3826 ordinare·

294 3881 367 3937 runt
399 3882 432 3938 et
463 3868 703 3936 declaraverunt
731 3868 817 3956 ‹pnod
848 3864 932 3935 idem
968 3869 1124 3937 duliertus
1156 3879 1189 3938 et
1219 3868 1291 3958 ejus
1325 3869 1421 3939 lieres

293 3979 478 4053 successive
509 3978 540 4049 in
573 3995 761 4071 'cernicinum
789 3978 926 4069 singulis
958 3978 1072 4049 dicbus
1101 3978 1217 4071 peterit
1243 4001 1360 4073 capere
1387 3978 1420 4053 iu

292 4118 426 4164 neinme
452 4093 582 4183 capituli
616 4097 655 4161 dn
677 4096 856 4182 l‘lanqnena
882 4117 977 4162 uriam
1003 4095 1104 4162 solum
1124 4094 1343 4184 quadrigatam
1374 4096 1416 4165 ad

291 4210 372 4276 dnm
401 4230 502 4294 enims
530 4220 664 4287 tontum,
698 4205 764 4275 sice
793 4209 833 4274 de
866 4205 934 4274 civo
964 4205 1031 4276 sive
1051 4209 1091 4275 dc
1118 4222 1246 4276 mortno
1274 4230 1419 4291 nemore,

291 4323 479 4408 triagnello!
508 4341 615 4407 placeo,
644 4317 751 4406 gracili
779 4321 825 4385 sel
851 4341 977 4406 grosso,
1000 4318 1042 4387 ita
1068 4333 1175 4387 tamen
1199 4320 1286 4408 ‹puod
1305 4341 1421 4390 stemus

288 4432 364 4501 illud
391 4457 453 4501 non
480 4445 594 4520 potent
621 4434 744 4499 traliete
766 4434 812 4499 vel
834 4433 952 4500 doecre
984 4431 1046 4500 nisi
1067 4434 1107 4500 ad
1130 4430 1182 4500 illa
1213 4433 1421 4503 solummodo

288 4548 355 4615 loca
373 4544 454 4614 leodi
476 4543 525 4613 sui
552 4568 615 4633 inm
635 4554 723 4613 tenet
747 4545 787 4613 ab
808 4543 867 4613 eis.
891 4552 912 4613 d
934 4547 1043 4613 teredio
1063 4546 1239 4634 septembri
1261 4566 1364 4635 uenite
1377 4546 1417 4615 ad

288 4658 428 4730 inedium
456 4657 565 4729 maccii
594 4660 729 4728 tercium
750 4680 845 4748 eqnm
871 4654 987 4749 poterit
1008 4657 1134 4728 mittere
1161 4658 1195 4727 in
1224 4680 1417 4731 succursum
