3420 5490
760 696 938 759 -tttt-

288 818 457 902 bucbardi,
477 819 660 900 lancelino,
691 819 855 904 decussio,
886 823 1007 891 llerreo
1035 819 1288 892 assentientibus
1313 833 1411 911 atque

288 929 482 1016 uolentibus,
504 954 561 1024 pro
581 935 667 1004 bono
687 929 786 1024 pacis,
812 956 868 1025 per
898 931 956 1005 Dei
976 931 1122 1025 gratiam,
1153 934 1239 1006 sicut
1264 955 1410 1026 praesens

288 1043 459 1136 distinguit
492 1047 618 1138 pagina,
644 1049 763 1117 sedatae
795 1060 871 1118 sunt
902 1049 935 1117 in
968 1051 1055 1118 bunc
1082 1036 1227 1119 modum]
1250 1052 1283 1119 ln
1304 1060 1411 1120 castro

288 1159 495 1247 llagduuonsi
515 1181 620 1248 nequo
641 1183 700 1229 nos
720 1182 825 1251 neque
856 1163 1113 1250 praedecessores
1150 1160 1251 1232 nostri
1271 1163 1413 1232 burella-

288 1292 407 1341 nenses
426 1270 570 1362 episcopi
597 1271 816 1342 molendinum
851 1294 911 1343 nec
932 1275 1060 1342 sumum
1084 1275 1257 1343 babuimus
1276 1276 1316 1343 ab
1331 1271 1414 1342 anti-

288 1406 372 1474 quo;
389 1406 462 1454 cum
486 1383 643 1456 tamenin
675 1384 827 1456 omnibus
853 1385 1086 1458 mercatoribus
1108 1389 1179 1457 siue
1198 1384 1414 1457 ministeriali-

289 1501 362 1582 bus,
384 1499 424 1568 de
443 1521 634 1590 quacunque
649 1512 716 1570 arte
737 1500 806 1570 sire
825 1497 931 1570 ollicio
947 1499 1102 1584 uiuerent,
1119 1513 1152 1571 et
1166 1499 1198 1570 in
1218 1522 1412 1592 quacunque

290 1626 372 1682 terra
391 1628 569 1699 manerent,
591 1628 721 1705 excepta
742 1627 823 1685 terra
845 1612 988 1706 prendisti
1010 1613 1180 1699 llucbardi,
1202 1617 1242 1686 de
1260 1617 1354 1684 lurno
1379 1627 1411 1685 et

288 1728 476 1798 molendino
491 1730 552 1798 tale
569 1731 708 1799 bannum
724 1730 931 1814 babercmus,
951 1732 1036 1821 quod
1055 1727 1125 1801 sine
1147 1726 1282 1801 licentia·
1303 1742 1414 1800 nostra

289 1855 465 1933 nostroque
484 1845 633 1914 mandato
648 1845 697 1914 uel
722 1841 930 1916 seruientium
957 1856 1140 1915 nostrorum
1154 1843 1194 1913 ad
1210 1842 1329 1914 nullius
1347 1847 1412 1913 lur-

289 1980 365 2028 num
380 1961 535 2029 auderent
545 1982 697 2051 cognoro,
712 1983 772 2031 nec
791 1962 830 2030 ad
847 1961 1070 2031 molendinum
1084 1963 1217 2042 molere,
1239 1981 1300 2031 nec
1314 1960 1416 2031 debe·

288 2087 382 2157 rent;
403 2088 599 2145 memoratus
624 2090 731 2146 nutem
759 2077 945 2146 lluebardus
971 2074 1002 2145 in
1030 2077 1145 2146 eodem
1164 2088 1271 2146 castro
1291 2075 1416 2147 molen-

290 2189 400 2258 dinum
414 2204 446 2259 et
458 2193 584 2259 lumum
595 2191 732 2260 babebat
747 2215 756 2274 ;
769 2192 817 2260 sic
831 2190 937 2280 itaque
950 2189 1034 2261 inter
1049 2212 1108 2261 nos
1122 2204 1171 2261 est
1185 2189 1413 2282 compositum.

291 2304 477 2372 llucburdus
504 2301 662 2394 sitptidem
692 2303 912 2374 molendinum
933 2327 1027 2375 sunm
1057 2318 1088 2375 et
1119 2307 1247 2374 bunum
1268 2328 1363 2375 sunm
1383 2318 1418 2375 ct

291 2416 433 2485 bannum
453 2440 547 2486 suum
569 2420 665 2487 nobis
690 2431 721 2487 ot
751 2417 994 2488 successoribus
1017 2416 1137 2488 nostris
1170 2417 1333 2509 episcopis
1359 2440 1418 2509 pet·

292 2527 434 2596 medinm
454 2526 691 2619 inperpetuum
721 2529 969 2599 communicarit
986 2555 995 2612 ;
1015 2529 1057 2599 ita
1079 2532 1164 2619 quod
1192 2531 1415 2601 uniuersorum

292 2639 474 2709 reddituum
504 2640 572 2710 siue
603 2656 813 2730 proventuum
844 2641 982 2731 justiciae
1015 2640 1243 2725 lorilactoruut,
1277 2665 1415 2730 sputorum

293 2750 509 2822 lorilaetorum
531 2776 656 2823 summa
668 2777 831 2844 rtunquam
848 2767 912 2839 tres
927 2753 1048 2824 solidos
1063 2758 1243 2838 excederet,
1261 2753 1417 2826 medieta-

294 2880 358 2937 tem
379 2864 590 2952 bnbebimus;
612 2880 643 2939 et
659 2865 910 2938 molendinarios
924 2880 957 2938 et
976 2864 1134 2938 lurnarios
1153 2890 1312 2960 ponemus
1327 2890 1417 2939 cont·

293 2985 447 3053 munitor.
468 2984 505 3051 Et
525 3005 732 3074 uusquequo
758 2981 977 3053 molendinum
1007 2995 1152 3053 nostrum
1169 2985 1209 3054 de
1223 2985 1312 3054 lonte
1329 2982 1416 3055 beati

292 3094 440 3188 lipttardi
459 3095 583 3168 trouiter
601 3099 721 3167 luctum
739 3095 844 3168 eidem
866 3100 1035 3168 llucbardo
1055 3096 1363 3169 communicavimus
1383 3112 1417 3171 et

293 3210 361 3282 suis
378 3210 551 3283 beredibns
571 3226 705 3283 nuncet
734 3234 886 3304 semper;
912 3224 945 3283 et
966 3213 998 3282 in
1019 3214 1134 3284 eudem
1161 3226 1267 3284 castro
1286 3216 1417 3285 turnum

294 3350 393 3396 unum
409 3348 469 3397 nos
488 3328 630 3397 facturos
661 3323 870 3418 promisimus
896 3324 976 3396 iulra
995 3349 1129 3411 annum,
1147 3326 1200 3418 qui
1230 3328 1418 3399 communis

293 3440 353 3512 erit
382 3441 486 3512 cidem
516 3443 682 3512 llncbardo
715 3454 746 3511 et
773 3439 1034 3512 suisberedibus
1071 3439 1104 3511 iu
1143 3456 1345 3534 perpetuum.
1381 3444 1416 3513 ln

294 3555 460 3627 lorinsecis
479 3577 554 3626 uero
581 3556 736 3625 llucbardi
759 3553 954 3657 bominibus,
982 3557 1067 3626 sicut
1088 3570 1180 3627 antea
1204 3556 1310 3627 uertite
1329 3556 1417 3629 sole-

294 3674 369 3740 bant
384 3673 423 3740 nd
440 3676 566 3740 lurrnrm
581 3684 612 3741 et
628 3669 846 3740 molendinum
866 3668 1036 3753 buchardi,
1053 3673 1193 3742 bannum
1209 3668 1414 3743 babebimus.

293 3789 365 3876 lpse
394 3808 468 3856 uero
500 3799 597 3855 totam
636 3785 766 3855 babebit
799 3806 910 3855 eorum
944 3781 1106 3875 justiciam
1125 3798 1158 3856 et
1195 3783 1414 3857 lorilactorutu

292 3901 565 3984 entendationem,
585 3901 673 3970 saluo
692 3897 817 3990 capitali
844 3913 954 3969 nostro
977 3901 1065 3990 ‹ptrod
1091 3922 1151 3970 nos
1169 3901 1266 3970 debet
1285 3902 1417 3973 contin-

293 4040 369 4107 gere
388 4020 428 4086 de
443 4014 602 4085 molitura.
624 4018 701 4083 Nam
722 4011 749 4083 si
770 4029 915 4084 nostrum
931 4011 1066 4104 capritale
1085 4013 1179 4084 nobis
1200 4012 1341 4106 perierit,
1364 4019 1415 4087 uel

293 4131 419 4200 delectu
445 4133 493 4199 uel
514 4126 707 4216 negligentia
728 4127 950 4210 seruientium,
967 4130 1014 4196 rel
1035 4126 1097 4196 ulio
1117 4130 1213 4198 modo
1232 4150 1288 4218 per
1307 4126 1413 4218 ipsos,

291 4241 323 4312 in
345 4258 433 4333 parte
467 4242 623 4311 lluoburdi
651 4239 925 4331 recuperabimus,
954 4244 1016 4311 Nos
1046 4254 1153 4311 autem
1174 4243 1316 4311 bannum
1337 4263 1415 4313 nos·

293 4359 432 4427 truendo
463 4356 648 4424 molendino
668 4368 700 4423 et
726 4356 831 4440 lurno,
853 4356 937 4444 quml
952 4354 983 4424 iu
1004 4355 1118 4424 codem
1138 4367 1246 4426 castro
1261 4355 1414 4446 primitus

290 4473 503 4553 babebamns,
523 4467 628 4539 cidem
650 4469 815 4538 llucbardo
835 4466 981 4538 similiter
1000 4481 1031 4538 et
1048 4467 1117 4539 suis
1135 4470 1307 4541 botetlibns
1326 4492 1417 4541 cout-

290 4582 524 4655 municarimus
558 4582 589 4651 in
627 4596 828 4673 perpetuum.
861 4583 978 4655 Verum
1014 4582 1040 4652 si
1076 4604 1229 4675 processu
1259 4582 1415 4675 temporis

289 4695 438 4790 ampliata
469 4695 540 4766 uilla
566 4695 614 4766 sic
646 4694 770 4780 luerit‚·
786 4697 872 4786 quod
902 4696 966 4765 dno
993 4692 1077 4765 lurni
1093 4707 1124 4767 et
1143 4696 1207 4765 duo
1229 4694 1413 4769 molendina
