3420 5490
711 661 891 728 -eto-

238 801 406 879 presentes
425 788 548 860 litteras
565 792 604 859 ad
618 787 807 880 petitionem
821 788 980 861 diotarnm
991 791 1129 879 partium
1145 787 1253 880 sigitto
1274 789 1364 862 curie

240 901 480 974 Aurelianensis
495 900 630 974 teoimne
645 899 801 973 roborari.
823 904 938 973 totum
953 924 1040 973 anno
1055 899 1182 973 Domini
1203 904 1361 975 nccxxx

238 1031 364 1102 octavo,
386 1039 498 1089 mense
516 1017 693 1088 decembri.

753 1379 848 1443 CCLV
876 1425 879 1432 -

670 1679 834 1762 'tjenvior
856 1678 935 1745 tneo
1012 1661 1017 1670 ¹

239 1939 329 1995 Vento
344 1956 379 1995 au
392 1940 518 2013 etrapitro
540 1957 591 2014 par
610 1940 636 1997 le
650 1941 741 2015 dopon
768 1940 871 1998 Lebert
885 1939 920 1997 de
946 1939 962 1994 t
989 1947 1103 2014 erpents
1126 1939 1277 2014 designes
1297 1957 1364 1997 areo

273 2037 397 2108 pressoir
411 2039 476 2109 pres
492 2037 518 2093 ts
536 2037 678 2107 bantinus,
703 2054 767 2094 rore
791 2037 1089 2111 Heumann-Choes,
1112 2052 1186 2110 pour
1208 2036 1264 2094 θ)
1280 2036 1363 2094 lieres

276 2147 388 2203 parrsrs.

309 2272 397 2344 (Orip.
409 2289 437 2331 e.
452 2273 547 2345 paron.
564 2274 647 2331 Aron.
663 2273 702 2330 du
717 2273 821 2344 loiret,
840 2274 873 2331 G.
889 2273 962 2341 3763
978 2272 1104 2330 mention
1119 2271 1292 2344 Scriptum.)
1384 2275 1386 2278 ’

283 2521 348 2608 Ego
368 2521 531 2604 tebertus,
550 2519 788 2593 Aurelianensis
805 2523 962 2606 decanus,
984 2532 1095 2593 ootnm
1112 2518 1194 2592 taoio
1213 2518 1364 2593 omnibns

239 2642 302 2701 tam
324 2633 526 2724 presentibus
539 2657 633 2723 qnam
653 2633 768 2705 tuturis
784 2637 868 2727 qnod
883 2657 943 2724 ego
960 2633 1089 2706 vendidi
1110 2632 1252 2725 oapitnto
1265 2639 1362 2706 Aure

239 2743 374 2816 tianensi
396 2769 452 2838 pro
467 2760 598 2817 contum
613 2745 823 2838 vigintitibris
840 2747 1080 2839 parisiensium,
1098 2749 1139 2819 de
1157 2746 1277 2837 quibos
1291 2770 1363 2818 sum

240 2870 386 2949 paganis,
405 2873 540 2950 qnatoor
553 2873 685 2952 arpenta
701 2860 864 2933 vinearum
879 2883 952 2932 oum
968 2859 1144 2953 pressorio,
1161 2862 1245 2952 apud
1262 2858 1364 2931 banti-

241 2995 309 3044 ram
331 2973 629 3047 rersnsFtoriaonm
646 2975 718 3059 sita,
740 2973 917 3067 dequibus
937 2972 1000 3045 dixi
1020 2987 1053 3045 et
1074 2972 1206 3065 promisi
1227 2972 1286 3045 tria
1315 2995 1365 3044 ar·

241 3101 337 3178 penta
356 3091 395 3158 ab
415 3091 504 3159 omni
518 3104 664 3162 consuet
679 3088 803 3162 decima
819 3087 918 3161 libera
936 3111 1009 3161 esse
1024 3099 1057 3158 et
1076 3085 1196 3180 quieta,
1212 3099 1363 3178 quartum

239 3221 312 3270 vero
328 3200 391 3270 ‹tiri
412 3225 485 3274 osse
498 3206 538 3274 tte
558 3203 682 3276 decima
702 3205 848 3294 ejusdem
862 3200 991 3293 oapitnti
1007 3205 1095 3273 etde
1112 3224 1214 3272 oenen
1230 3199 1358 3273 iliorum

238 3312 290 3402 qni
314 3311 465 3383 dicontur
491 3315 667 3386 Latroittes.
698 3312 832 3385 Promisi
854 3327 971 3385 antem
991 3312 1096 3385 eidem
1117 3313 1259 3404 eapituio
1278 3314 1365 3404 qnod

239 3427 278 3496 do
296 3450 332 3497 oa
346 3430 408 3498 tem
428 3427 610 3500 venditione
623 3428 797 3520 legitimam
811 3426 839 3500 ei
854 3428 965 3499 taoiam
987 3429 1165 3518 parentiam
1180 3429 1220 3498 art
1238 3450 1318 3498 nens
1331 3441 1364 3500 et

239 3539 1365 3626 eonsuetudinesAurelianenses.notnmannoDominiMCCXXXVHI,

240 3651 271 3721 in
293 3653 433 3725 erastino
452 3656 648 3747 Epiphania.
