3420 5490
763 681 801 691 -
823 642 882 709 ors
904 681 941 691 --

289 772 375 859 qrrod
408 768 560 875 quicquid
582 772 622 859 ube
647 768 799 863 predictis
830 768 979 859 domibus
1009 784 1082 859 post
1107 772 1278 843 decessum
1311 768 1415 866 ipsius

290 880 398 974 baberi
420 880 546 972 poterit,
577 879 744 953 corrnnicis
774 883 829 972 «pri
865 884 1009 971 eiusdem
1043 880 1157 952 decani
1191 881 1412 953 anniuersario

290 996 468 1087 ipporerrrttt
487 993 657 1089 dividatur,
679 994 821 1085 exeeptis
837 1009 943 1064 tomen
964 1017 1018 1071 sert
1037 994 1202 1086 librisque
1217 992 1249 1065 in
1264 1000 1416 1087 oprriucr·

290 1105 383 1185 soriis
405 1106 526 1201 {cupidi
543 1106 732 1204 subdecani,
752 1106 896 1193 Nicboini
917 1122 949 1194 et
969 1107 1099 1195 (iuberi,
1121 1121 1276 1199 nepotum
1296 1107 1415 1199 ipsius,

289 1217 535 1311 distribuentur,
565 1218 706 1311 cureptis
732 1218 828 1307 etium
857 1216 967 1308 uiginti
995 1217 1110 1309 solidis
1134 1221 1174 1287 de
1204 1218 1415 1313 proventibus

289 1332 434 1419 ciusdem
455 1333 572 1427 domus
598 1331 651 1421 qui
672 1329 807 1423 singuiis
828 1329 921 1417 uuuis
948 1352 1004 1420 per
1021 1332 1283 1414 ebdomedcrium
1304 1354 1415 1403 socer-

290 1445 398 1514 dotem
415 1442 649 1517 distribuentur
671 1447 801 1533 «tiericus
820 1443 909 1516 ebori
933 1443 1035 1539 nostri
1054 1442 1107 1535 rpui
1137 1444 1168 1535 in
1185 1446 1330 1519 Adventu
1351 1450 1414 1523 lto

290 1556 368 1629 mini
403 1558 434 1628 in
462 1557 576 1630 diebus
605 1558 753 1652 protestis
774 1559 941 1629 matutinis
968 1561 1007 1634 od
1031 1557 1220 1629 sulmodium
1252 1560 1293 1645 de
1327 1560 1414 1651 diets

291 1669 481 1752 intererunt,
504 1684 536 1741 ct
556 1671 720 1759 ruaurtinis
738 1685 936 1753 mortuorum
961 1695 1023 1762 que
1052 1670 1188 1761 singuiis
1207 1673 1322 1743 diebus
1343 1694 1415 1763 pro·

292 1784 382 1871 iestis
415 1786 534 1871 debeut
563 1783 638 1867 dici,
660 1787 757 1853 etiam
789 1782 816 1875 si
844 1783 1098 1873 anniuersarium
1130 1783 1162 1855 in
1183 1783 1287 1874 rigitirr
1320 1782 1416 1865 tuerit

291 1898 501 1988 celebratum.
523 1899 587 1967 ttoc
603 1911 709 1986 eutem
731 1897 803 1981 ideo
823 1894 927 1965 cidem
949 1895 1185 1985 concessimus,
1209 1895 1282 1986 quio
1301 1894 1415 1987 viginti

292 2008 391 2076 libros
410 2030 490 2099 tpuas
503 2009 541 2097 ad
556 2010 617 2097 buc
637 2008 820 2100 iaciendum
842 2007 1033 2103 promiserat
1051 2022 1082 2077 ct
1104 2010 1205 2078 multo
1224 2007 1414 2097 empliusdc

292 2141 454 2189 consensu
477 2134 509 2188 et
527 2118 658 2190 licentio
680 2135 787 2189 nostra
808 2119 839 2188 in
860 2134 1050 2213 coopertum
1075 2119 1217 2212 predicte
1234 2123 1350 2205 domus
1374 2122 1415 2201 de

297 2230 437 2318 ardesin,
460 2229 491 2299 in
512 2229 667 2321 granariis
689 2246 722 2301 et
741 2231 772 2301 in
797 2231 868 2302 otiis
895 2230 1123 2302 eidemdomui
1145 2230 1340 2302 necessariis
1365 2232 1415 2301 ia·

291 2346 418 2414 ciendis
453 2343 573 2415 utiliter
603 2344 709 2435 posuit
744 2360 777 2415 et
808 2344 970 2436 expendit.
1011 2349 1157 2417 i'retereo
1190 2343 1414 2417 concessimus

292 2456 397 2528 eidem
414 2459 537 2529 decano
556 2461 641 2549 quod
661 2481 775 2529 omues
791 2473 964 2549 prouentus
985 2457 1147 2529 vinearum
1168 2458 1312 2530 omnium
1331 2479 1413 2549 quas

192 2633 196 2641 .
293 2570 444 2660 plantavit
464 2570 495 2638 in
514 2573 654 2662 decoqui
676 2576 814 2662 (empus
828 2573 993 2642 Rotundus
1010 2570 1126 2640 dicitur
1147 2584 1220 2662 post
1239 2573 1412 2641 decessum

294 2679 398 2772 ipsius
412 2682 577 2752 canonicis
597 2685 652 2772 qui
672 2687 742 2773 ejus
758 2681 976 2754 anniversario
991 2682 1170 2754 intererunt
1188 2681 1411 2755 distribuetur.

293 2795 522 2866 concessimus
535 2795 630 2865 etium
644 2795 748 2867 eidem
768 2799 852 2887 qood
870 2811 1043 2889 proventus
1065 2798 1182 2867 domus
1196 2819 1292 2887 quam
1311 2798 1414 2868 edibi-

292 2911 375 2980 cavit
398 2912 484 3001 justu
509 2912 620 2980 turrim
650 2925 792 2981 nostrum
813 2909 844 2980 in
865 2915 1016 2994 cirrium,
1040 2927 1112 3003 post
1131 2927 1266 2983 rrrortcru
1286 2909 1412 2983 bebcrti

294 3024 420 3119 nepotis
446 3025 495 3096 sni
521 3027 576 3118 ruri
607 3050 678 3097 terrm
706 3025 857 3119 ‹prrarmliu
888 3025 996 3097 riserit
1019 3029 1153 3114 terrebit,
1179 3038 1413 3121 postmortem

293 3153 399 3210 tomen
421 3139 522 3233 ipsius
542 3139 653 3219 rteenni
686 3140 717 3223 iu
747 3140 850 3231 ipsius
869 3140 982 3212 decurri
1009 3141 1226 3225 anniverstrio
1245 3140 1415 3223 corrouicis

292 3254 346 3345 qui
371 3256 549 3325 intererunt
573 3253 795 3324 distribuatur.
819 3256 905 3324 idem
926 3252 1021 3324 etiarn
1047 3257 1214 3335 bobertus,
1241 3258 1270 3325 si
1300 3276 1416 3339 super·

294 3366 405 3437 vixerit
425 3370 560 3449 decurro,
583 3372 643 3441 sub
663 3366 819 3458 pensione
847 3369 959 3438 decem
980 3368 1157 3449 solidorum¹
1177 3370 1309 3438 (tomum
1329 3367 1415 3439 itiam

293 3460 446 3569 (puemdiu
467 3480 576 3550 riserit
594 3479 728 3561 terrebit,
746 3479 801 3569 qui
822 3478 970 3549 similiter
990 3477 1021 3548 in
1037 3478 1254 3550 anniuersario
1266 3482 1416 3569 ejusriem

294 3592 406 3661 decani
437 3592 602 3675 canonicis
630 3592 683 3683 qui
715 3592 892 3662 intererunt
921 3591 1114 3663 dividentur.
1141 3595 1185 3665 bd
1217 3596 1275 3662 bec
1308 3592 1415 3663 eidem

294 3704 418 3789 decano
434 3703 658 3791 concessimus
670 3705 756 3797 quod
778 3726 835 3798 pro
855 3702 1066 3791 stacuuicubis
1086 3725 1149 3794 rpre
1166 3702 1240 3773 tecit
1258 3725 1276 3773 a
1295 3704 1417 3783 destris

294 3829 358 3884 eta
379 3813 521 3886 sinistris
539 3818 625 3911 juxta
646 3830 768 3909 portem
786 3816 916 3885 cioustri
935 3814 1036 3885 nostri
1058 3837 1170 3885 sersus
1189 3820 1337 3887 Sanctum
1354 3820 1418 3887 tta-

295 3927 372 3999 rium
399 3929 475 4011 boni
503 3928 627 4013 b'urrcii,
646 3954 708 4021 (pre
734 3944 806 4022 post
824 3944 959 4000 mortem
980 3929 1083 4021 ipsius
1101 3945 1210 4001 nostro
1229 3946 1335 4011 eruut,
1358 3954 1416 4003 uu·

296 4042 396 4115 triciis
414 4043 466 4141 qui
493 4044 710 4116 antrirersurio
738 4047 809 4143 ejus
827 4043 993 4136 intererint
1015 4044 1153 4136 singuiis
1172 4044 1267 4119 annis
1287 4044 1417 4137 triginta

295 4160 417 4249 subdus
437 4158 534 4229 dividi
561 4158 728 4230 sociemus.
752 4165 863 4249 ¹Actum
893 4183 978 4229 nono
999 4157 1125 4257 {toruipi
1146 4162 1222 4231 MCC
1240 4160 1416 4245 tricesimo,

296 4296 408 4365 tttenso
428 4272 564 4349 octobri.
