3420 5490
747 581 908 646 ...69-

264 713 320 783 uei
335 734 401 782 rex.
424 709 456 782 si
474 712 678 781 sacerdotum
693 709 811 780 Christi
831 709 1120 782 ammonitionibus
1139 709 1207 783 sive
1222 711 1391 803 petitioni-

266 830 325 896 bus
339 823 513 914 benignum
528 846 697 894 assensum
720 825 913 913 prebemus,
944 825 1042 914 regim
1068 825 1274 896 celsitudinis
1293 849 1391 918 opera

265 944 498 1010 sustentamus.
517 940 625 1026 ltaque
646 949 756 1006 notum
772 938 815 1007 sit
834 935 985 1007 omnibus
1012 949 1133 1008 sanctae
1163 937 1217 1009 liei
1237 939 1391 1010 Ecclesiae

267 1051 414 1123 ndetibns
433 1064 465 1121 et
486 1049 616 1135 nostris,
639 1051 857 1140 praesentibus
886 1063 919 1120 ct
945 1050 1072 1134 tuturis,
1094 1049 1167 1141 quin
1200 1051 1391 1122 venerabilis

268 1163 440 1253 virigine,
462 1161 698 1233 Aurelianensis
716 1163 863 1232 ecclesiae
885 1162 1069 1255 episcopus,
1099 1166 1138 1233 ad
1168 1178 1309 1235 nostram
1336 1188 1391 1235 su·

268 1278 456 1349 blimitatern
490 1279 660 1356 accedens,
688 1289 870 1347 reverenter
892 1275 1031 1347 innotuit
1056 1300 1073 1347 a
1099 1277 1392 1369 praedecessoribus

267 1396 336 1464 suis
353 1407 449 1483 atque
468 1414 505 1462 er
525 1414 637 1462 eurtum
659 1388 901 1462 immitatinnea
921 1414 956 1462 se
978 1415 1107 1483 rpuoqne
1127 1393 1282 1482 quasdam
1302 1390 1393 1463 villas
1496 1384 1499 1392 ’

268 1508 415 1581 ccclesiae
441 1531 509 1578 sun
530 1505 561 1576 in
596 1509 718 1577 bonore
746 1519 866 1577 sanctie
902 1520 933 1578 ct
962 1505 1094 1578 virilium
1114 1506 1226 1578 Crucis
1256 1509 1393 1578 londatae

270 1624 380 1694 usibus
401 1635 433 1692 et
447 1621 618 1712 stipendiis
635 1621 864 1691 canonicorum
885 1620 962 1689 inibi
979 1627 1046 1691 lieo
1066 1621 1275 1693 servientium
1294 1624 1395 1713 depu-

270 1749 351 1806 tatas
371 1738 448 1806 lore.
479 1733 634 1823 l‘etiitque
668 1733 859 1823 suppliciter
886 1731 1166 1804 mansuetudinem
1193 1746 1334 1805 nostram
1362 1748 1397 1805 ut

271 1865 388 1920 nostran
417 1847 616 1919 annositatis
641 1848 797 1937 scriptum
827 1845 893 1916 deri
919 1850 1122 1936 juberemus,
1151 1871 1207 1938 per
1234 1850 1318 1938 quod
1344 1871 1397 1920 ca·

272 1966 416 2034 rumdem
438 1964 582 2031 uillarum
604 1964 644 2031 ab
664 1959 926 2032 antecessoribus
953 1960 1034 2044 suis,
1074 1975 1107 2030 ut
1127 1963 1249 2031 dictum
1281 1976 1345 2045 est,
1365 1976 1397 2033 et

271 2080 311 2147 ab
327 2099 367 2148 eo
387 2074 619 2146 rationabiliter
634 2077 714 2144 lacta
731 2073 893 2164 deputatio
912 2072 1031 2144 nostris
1050 2086 1083 2144 ct
1106 2076 1221 2144 luturis
1246 2077 1397 2167 tempori·

273 2194 332 2259 bus
352 2192 423 2260 sine
444 2211 575 2259 suornm
605 2210 835 2258 successorum
856 2200 910 2257 aut
929 2186 1063 2258 alterius
1083 2210 1230 2279 personae
1248 2186 1397 2259 immuta-

273 2307 360 2375 tione
380 2315 523 2373 maneret
549 2298 932 2372 inviolabilisetintacta.
965 2305 1045 2371 Sunt
1077 2314 1185 2372 autem
1211 2304 1396 2374 earumdem

273 2417 416 2488 villarum
447 2417 598 2487 vocabula
620 2418 710 2486 lime:
741 2418 915 2485 llassiacus
946 2438 1019 2485 cum
1040 2413 1123 2484 uillis
1145 2428 1178 2486 et
1202 2414 1398 2506 appenditiis

271 2531 352 2615 suis,
374 2533 452 2602 cella
473 2529 575 2601 sancti
593 2528 729 2612 Martini,
749 2543 781 2600 et
797 2527 955 2620 Silgiacus
975 2552 1049 2600 cum
1066 2529 1148 2601 uillis
1161 2543 1194 2601 et
1208 2528 1411 2622 adjacentiis

273 2644 395 2729 suis;¹
426 2669 463 2716 ex
489 2646 615 2715 abbatia
648 2667 722 2715 vcro
755 2642 862 2714 Sancti
895 2642 1043 2734 bipbardi
1073 2648 1272 2716 Termeneus
1299 2646 1399 2716 etiam
1505 2706 1507 2711 .

273 2783 345 2831 cum
376 2757 580 2849 appendiciis
608 2756 690 2840 suis,
720 2755 899 2827 brissiacus
926 2780 1000 2827 cum
1026 2759 1214 2848 integritate
1243 2781 1314 2829 sua.
1335 2763 1400 2830 Nos

273 2873 368 2963 igitur
397 2870 651 2942 admonitionem
684 2873 751 2940 site
783 2870 972 2959 petitionem
1000 2872 1072 2959 ejus
1105 2872 1282 2941 clementor
1312 2871 1401 2942 exci-

275 2984 411 3077 pientes,
433 2987 493 3054 boc
513 2981 692 3054 altitudinis
707 2996 825 3053 nostrm
850 2995 1045 3073 preceptum
1067 2984 1135 3055 lucri
1151 2984 1323 3076 jussimus,
1344 3007 1401 3076 per

274 3103 357 3191 qrrod
388 3101 595 3193 praecipimus
616 3114 711 3189 atquc
732 3101 897 3169 ltrmaurus
919 3111 952 3167 ut
985 3100 1182 3190 praesc'riptae
1209 3096 1303 3184 vittae,
1325 3123 1399 3171 cum

275 3214 423 3287 omnibus
455 3237 567 3286 eorum
607 3236 711 3284 rerum
749 3213 939 3283 adtinentiis
977 3226 1009 3282 et
1043 3212 1256 3304 appendiciis,
1277 3216 1400 3304 absque

276 3331 446 3420 curjuslibet
466 3326 688 3398 immutatione
708 3340 762 3396 aut
792 3325 1042 3409 substractione,
1059 3328 1253 3418 praescriptae
1273 3331 1399 3399 Sanctae

277 3443 387 3514 Crucis
401 3444 551 3515 ecclcsiae
566 3441 793 3513 canonicorum
814 3443 929 3512 usibus
953 3454 986 3513 et
1012 3440 1195 3533 stipendiis,
1224 3441 1345 3513 nostris
1367 3457 1401 3514 et

278 3560 392 3628 luturis
422 3556 632 3648 temporibus,
665 3570 817 3647 perpetua
843 3558 913 3647 lege
944 3559 1122 3627 habeantur
1141 3570 1175 3627 et
1208 3568 1427 3655 tencanturs

278 3670 422 3742 videlicet
445 3685 479 3741 ut
496 3671 650 3760 quicquid
671 3693 707 3741 cx
728 3671 873 3759 eisjuste
888 3683 920 3740 et
940 3669 1170 3741 rationabiliter
1190 3671 1258 3740 lieri
1279 3683 1398 3760 potest,

277 3784 467 3856 utilitatibus
486 3798 518 3856 et
533 3783 779 3854 necessitatibus
799 3785 1268 3875 memoratorumjolcricorum‚
1282 3806 1401 3855 secun·

277 3903 353 3971 dum
394 3897 705 3971 administrationem
739 3897 857 3991 proprii
893 3897 1066 3992 pontilicis,
1094 3922 1223 3989 semper
1262 3900 1404 3990 prebeat

278 4028 482 4105 augmentum
506 4028 538 4084 et
564 4016 837 4104 supplementum.
871 4018 909 4085 Ut
935 4025 1040 4083 autem
1073 4016 1143 4084 lraec
1171 4010 1403 4103 magnitudinis

314 4388 324 4424 ¹
344 4388 397 4444 Ces
411 4385 476 4457 cinq
491 4390 575 4455 muts,
591 4400 646 4457 que
659 4383 784 4441 donnent
807 4383 834 4439 la
855 4383 934 4455 copie
956 4383 1005 4440 des
1028 4384 1160 4440 Anchises
1184 4384 1222 4441 du
1249 4385 1355 4454 torret,
1377 4386 1405 4442 la

282 4477 359 4550 copie
389 4476 424 4533 de
447 4477 518 4532 Dum
544 4477 637 4533 Geron
665 4475 741 4546 (coll.
770 4476 908 4547 Morem),
942 4478 1097 4548 manquent
1122 4474 1192 4531 dans
1217 4477 1244 4532 la
1267 4476 1347 4550 copie
1371 4476 1405 4533 dn

283 4568 395 4626 Baluze.
