3420 5490
761 614 939 678 -138-

287 739 511 811 excussionem
530 739 683 810 messium
699 741 834 832 primum
858 741 1016 831 presbiter
1034 740 1201 812 mestiuum
1222 765 1314 813 sunm
1333 740 1412 814 reci·

289 857 366 944 niet,
385 868 487 922 toturn
508 855 665 943 reliquum
682 853 764 923 inter
778 876 837 924 nos
855 868 886 924 et
906 853 1069 924 Simonem
1090 853 1133 924 ita
1148 853 1306 925 dividetur
1325 858 1410 948 quod

288 968 367 1036 dms
406 981 512 1058 portes
544 965 646 1056 ipsius
666 966 869 1051 ltalrelrimus,
891 965 1001 1046 Simon
1024 966 1185 1051 tercium;
1215 970 1256 1039 de
1274 970 1412 1058 lorrogio

288 1077 447 1148 similiter.
474 1081 567 1164 Quod
588 1078 614 1148 si
635 1102 695 1148 nos
714 1095 769 1148 out
790 1081 899 1150 Simon
917 1082 957 1148 de
990 1079 1143 1168 predictis
1167 1079 1302 1150 decimis
1333 1079 1410 1150 olim

288 1191 488 1279 deperditum
512 1190 630 1279 aliquid
646 1213 838 1280 recuperare
860 1189 1094 1279 poterimus‚irt
1111 1212 1284 1259 commuue
1308 1203 1410 1261 totum

288 1315 425 1392 ponetur
444 1314 475 1371 et
493 1303 531 1370 od
547 1300 661 1392 prioris
677 1304 807 1370 modum
823 1299 982 1371 dividetur
999 1324 1008 1383 ;
1028 1303 1069 1370 de
1090 1301 1162 1370 uino
1189 1324 1317 1391 quoque
1343 1324 1411 1372 ser·

288 1414 378 1483 tiens
398 1428 508 1483 noster
531 1414 585 1504 qni
613 1412 689 1482 illud
705 1412 834 1500 colliget
853 1427 885 1483 et
905 1411 999 1484 nolris
1018 1427 1049 1482 et
1082 1411 1205 1482 Simoni
1226 1415 1411 1486 fidelitatem

288 1523 381 1595 societ
409 1524 493 1594 sicut
512 1527 552 1596 de
580 1547 707 1596 annona
730 1526 934 1609 dictumest,
956 1527 1195 1595 ctltultelrimus
1225 1524 1300 1597 inde
1331 1529 1412 1598 cluss

288 1653 409 1727 partes,
430 1637 539 1707 Simon
559 1652 665 1707 nutem
693 1636 838 1720 tercium,
868 1652 975 1729 preter
996 1641 1141 1708 clausum
1163 1651 1308 1707 nostrum
1325 1640 1411 1729 enrri-

288 1749 382 1820 cotim
397 1752 482 1839 qnod
506 1752 624 1819 nullam
646 1748 804 1819 decimum
825 1750 923 1818 dnlrit.
952 1755 1150 1820 dictumest
1182 1754 1243 1819 noe
1283 1765 1410 1841 pactum

288 1860 320 1931 in
336 1860 476 1952 capitulo
497 1866 613 1933 Sancte
637 1862 761 1944 Crucis,
783 1865 983 1934 concedente
1000 1866 1061 1932 ltoe
1083 1864 1305 1932 llartlrolomeo
1322 1864 1410 1953 capi·

288 1972 387 2060 corio,
402 1977 441 2044 de
454 1977 546 2064 cujus
562 1979 655 2045 leodo
674 1999 745 2067 nors
762 1975 812 2046 illo
830 1992 880 2046 est
892 1998 955 2067 que
967 1979 1006 2046 ud
1020 1976 1184 2046 Simonem
1199 1977 1350 2067 pertinet,
1364 1975 1407 2046 ito

288 2110 415 2178 qunque
430 2090 515 2178 quod
534 2087 685 2178 ‹uttiequid
705 2088 734 2159 ei
748 2088 938 2160 lorisleeerit
956 2089 1065 2159 Simon
1093 2089 1254 2180 capicerio
1285 2089 1412 2181 capice-

288 2201 355 2272 rius
384 2204 503 2271 nullum
535 2201 664 2271 ltolrelrit
703 2216 893 2294 potestatem
922 2202 964 2272 ilri
986 2203 1106 2293 aliquid
1131 2202 1272 2273 sasiendi
1306 2206 1410 2275 donee

288 2313 389 2385 diuise
409 2337 483 2405 pars
496 2314 668 2386 Simonisa
690 2331 797 2387 nostru
814 2315 907 2388 luerit
923 2341 933 2400 3
950 2330 1120 2408 postquam
1140 2330 1247 2387 nutem
1268 2316 1368 2387 diviso
1388 2340 1405 2387 n

291 2442 399 2497 nostra
418 2428 514 2499 luerit
529 2428 632 2520 ipsius
655 2452 728 2519 pars
748 2430 831 2500 inter
851 2429 1014 2500 Simonem
1046 2445 1076 2500 ct
1106 2429 1299 2522 capiceriam
1334 2432 1410 2500 inde

290 2541 471 2624 conveniet,
495 2565 553 2612 nos
579 2542 652 2612 inde
672 2566 736 2611 uon
758 2541 1051 2638 intromittemus...

811 2826 888 2887 LXX

741 3102 935 3184 tutto-rtet]
953 3101 960 3137 ¹

288 3353 426 3424 llsnessl,
442 3355 717 3427 lnequed’Orllsnt,
732 3360 873 3411 reconnott
895 3358 973 3412 avoir
996 3357 1176 3426 nonnosum
1199 3357 1273 3414 droit
1297 3364 1325 3414 el
1347 3376 1413 3415 tons

324 3451 412 3505 l'nteu
426 3451 465 3505 du
481 3453 608 3522 clispitre
627 3455 642 3507 d
656 3452 780 3523 lebboye
794 3453 829 3507 de
844 3453 869 3507 le
883 3453 1051 3519 Cnuullieu,
1070 3455 1111 3507 les
1126 3461 1214 3508 terres
1228 3455 1413 3526 d'lngntnnrt

324 3552 351 3600 et
365 3547 405 3600 les
420 3547 481 3601 lrois
495 3553 676 3617 eppertennnt
693 3563 729 3601 au
754 3548 889 3617 clrnpitre,
912 3548 977 3602 seul
993 3548 1042 3602 t‘20
1065 3555 1178 3621 srpouls
1199 3548 1234 3605 de
1256 3549 1325 3619 bois,
1342 3566 1414 3622 pour

326 3640 359 3699 to
373 3640 455 3696 liures
470 3641 504 3695 de
520 3642 576 3695 cire
590 3657 639 3713 par
653 3656 698 3696 nn.

289 3809 359 3878 (llib.
374 3810 436 3865 Nat.
454 3826 505 3864 ms.
523 3810 570 3864 lot.
587 3808 693 3866 tetdo:
710 3808 1043 3882 momenmentum
1060 3812 1213 3869 Esliennol.
1239 3836 1251 3865 ι
1269 3814 1316 3871 lr'ae
1330 3814 1411 3874 libro

515 3904 611 3961 llulteo
625 3906 738 3961 ecclesie
752 3908 781 3961 S.
798 3908 897 3961 Crucis
909 3907 1129 3963 Aurelianensis
1145 3910 1186 3980 r.)

332 4128 397 4216 Ego
426 4131 601 4211 natasset,
632 4130 689 4197 llel
730 4127 880 4218 patientia
911 4128 1048 4199 ecclesie
1080 4130 1317 4203 Aurelianensis
1350 4132 1409 4202 mi·

288 4238 389 4308 nister
416 4239 558 4324 humilis,
591 4243 741 4310 onrnilrus
766 4240 798 4310 in
824 4240 949 4311 Cltristo
970 4243 1279 4313 tirlclilrnssalutetn.
1301 4243 1410 4313 Sciant

321 4594 330 4630 ¹
352 4597 435 4667 llutos
450 4597 588 4649 exttdnree
603 4594 637 4647 do
651 4595 813 4664 l'lpiseopnt
826 4594 861 4648 de
877 4595 1004 4649 llunnsrd
1017 4595 1052 4649 de
1067 4596 1216 4652 llurltmde.
