3420 5490
784 671 944 734 ..41-

298 814 360 872 tam
377 805 586 892 praesentium
607 821 702 889 quam
735 802 912 869 futurorum
943 797 975 868 in
1012 798 1167 870 ecclesias
1187 812 1242 870 aut
1267 802 1337 872 loca
1364 824 1423 872 seu

297 912 437 1004 reliquas
454 912 678 1005 possessiones
698 936 777 1002 quas
809 914 964 984 moderno
996 925 1143 1004 tempore
1162 912 1193 983 in
1226 911 1424 1004 quibuslibet

297 1027 387 1120 pagis
408 1031 455 1100 vel
476 1028 643 1099 territoriis
662 1030 751 1119 juste
771 1041 802 1099 ct
820 1024 964 1118 legaliter
985 1041 1159 1099 memorata
1173 1028 1421 1114 tenetecelesia,

296 1166 357 1214 nec
379 1142 410 1212 in
429 1166 484 1213 eas
504 1166 555 1213 res
575 1167 646 1234 quau
671 1143 828 1234 deinceps
842 1165 859 1212 a
873 1140 1042 1213 catholicis
1064 1142 1169 1215 cidem
1199 1146 1335 1215 conlatae
1355 1146 1424 1216 luc·

295 1256 359 1327 rint
385 1257 544 1339 ecclesiae,
586 1259 624 1328 ad
654 1280 770 1328 causas
794 1256 986 1341 audiendas,
1013 1259 1061 1328 vel
1100 1258 1186 1330 lrcda
1216 1273 1271 1330 aut
1305 1258 1422 1331 tributa

295 1373 506 1462 tlreloncaquc
525 1369 692 1463 exigenda,
723 1385 778 1442 aut
799 1371 987 1443 mansiones
1010 1373 1058 1443 vel
1085 1386 1211 1463 paratas
1242 1371 1421 1458 faciendas,

293 1487 567 1577 autnoejnssoros
588 1487 761 1569 tollendos,
791 1498 844 1558 aut
876 1485 1024 1559 bomines
1053 1485 1155 1580 ipsius
1184 1486 1333 1560 ecclesiae
1356 1503 1420 1559 tam

294 1598 451 1692 ingenuos
482 1624 578 1691 quarn
618 1624 730 1672 servos
761 1615 996 1693 superterram
1034 1603 1138 1693 ipsius
1177 1616 1422 1674 commanentes

293 1712 532 1804 distringendos
558 1737 615 1785 seu
635 1713 715 1784 alias
734 1713 943 1785 redibitiones
960 1727 1015 1786 aut
1041 1713 1205 1786 inlicitast
1228 1717 1421 1788 occasiones

294 1825 465 1898 nostriset
486 1826 600 1897 laturis
624 1826 823 1919 temporibus
843 1827 972 1919 aggredi
999 1831 1126 1913 audeat,
1154 1851 1262 1917 neque
1297 1851 1334 1899 ea
1350 1853 1422 1919 quae

295 1955 583 2033 supramemorata
609 1954 685 2012 sunt
710 1942 836 2033 exigere
858 1942 986 2034 penitus
1017 1956 1214 2035 praesumat3
1240 1945 1297 2015 sed
1327 1942 1423 2015 liceat

295 2058 424 2146 praelato
440 2056 569 2147 praesuli
586 2055 719 2146 suisque
738 2056 984 2127 suecessoribus
995 2078 1047 2128 res
1071 2058 1233 2148 praedictae
1257 2055 1417 2139 ccclesiae,

297 2191 370 2239 cum
383 2168 602 2251 monasteriis,
622 2168 727 2251 cellis,
745 2167 829 2239 villis
849 2168 910 2239 sibi
926 2169 1095 2260 subjectis,
1111 2182 1143 2240 et
1156 2171 1254 2241 rebus
1270 2168 1421 2241 omnibus

297 2283 342 2351 rel
357 2279 540 2351 bominibus
560 2283 599 2351 ad
618 2304 654 2352 sc
670 2281 906 2372 pertinentibus
923 2285 971 2353 vel
992 2280 1240 2372 aspicientibus,
1261 2305 1324 2353 una
1344 2305 1418 2354 cum

296 2394 411 2467 telonei
441 2395 612 2467 medietate
640 2410 672 2467 ct
705 2410 794 2488 porta
835 2394 1044 2488 Farysiaca2,
1078 2393 1163 2468 sieut
1188 2395 1220 2467 in
1247 2394 1419 2489 praeceptis

294 2533 404 2602 regum
434 2510 617 2583 continetur
640 2514 846 2593 turanorum,
878 2510 1037 2583 ueletiam
1058 2509 1153 2583 nonis
1172 2524 1205 2584 et
1224 2510 1362 2583 decimis
1381 2513 1421 2582 de

292 2625 537 2717 quibuscunque
558 2626 637 2697 loeis
658 2628 705 2698 vel
723 2626 830 2718 pagiss
845 2625 888 2696 ibi
910 2625 1170 2719 pertinentibust
1190 2640 1286 2717 atque
1307 2626 1422 2697 immu-

294 2738 400 2810 nitatis
421 2756 539 2811 nostrac
560 2740 760 2820 detonsione,
782 2754 904 2811 remota
929 2739 1028 2812 totius
1043 2740 1222 2832 judiciaria¹
1251 2739 1421 2832 potestatis

293 2851 526 2945 inquietudine,
547 2855 656 2944 quieto
688 2879 725 2925 ac
761 2855 861 2926 libero
894 2854 1007 2926 ordine
1037 2853 1217 2945 possidere,
1246 2867 1343 2947 atque
1363 2879 1420 2947 pro

292 2965 508 3038 incolumitate
524 2979 631 3038 nostra
667 2989 724 3038 seu
740 2971 838 3038 ctiam
860 2966 957 3038 totius
978 2966 1066 3059 regni
1083 2965 1257 3039 stabilitate
1277 2979 1309 3040 ct
1324 2969 1419 3058 lrujus

292 3085 439 3152 llomanae
459 3080 674 3168 seniscalcis
693 3105 710 3151 a
731 3086 798 3152 Deo
815 3080 999 3153 commissae
1014 3084 1148 3174 ejusque
1167 3080 1420 3154 clementissima

292 3193 497 3266 miseratione
516 3218 571 3286 per
589 3194 783 3266 immensum
800 3194 1013 3267 conservandi
1032 3208 1140 3266 stato2
1160 3218 1222 3266 una
1242 3217 1317 3266 crum
1331 3198 1421 3268 elcro

293 3320 322 3378 ct
337 3309 457 3399 populo
474 3306 534 3377 sibi
551 3310 698 3398 subiecto
714 3306 770 3378 Dei
788 3307 979 3379 immensam
991 3307 1111 3398 jugiter
1131 3331 1261 3379 exorare
1274 3311 1417 3379 clemen·

292 3421 363 3491 tiam
385 3435 417 3492 et
432 3419 582 3511 quicquid
605 3424 645 3490 de
673 3420 811 3512 praelatis
839 3424 936 3491 rebus
956 3420 1104 3492 ecclesiae
1121 3423 1174 3511 jus
1198 3419 1266 3490 lusci
1294 3419 1420 3512 erigere

292 3546 425 3624 poterat,
464 3532 498 3602 iu
525 3532 683 3623 integrum
717 3535 821 3604 eidem
847 3533 1029 3604 stabilimus
1060 3531 1208 3627 ecclesiae
1230 3530 1355 3604 seilicet
1387 3546 1422 3602 ut

292 3660 444 3737 perpetuo
460 3660 604 3735 tempore
640 3645 671 3714 in
707 3648 821 3716 eodem
842 3649 914 3716 loco
934 3651 1001 3717 Deo
1023 3645 1250 3715 lamulaotibus
1270 3648 1309 3716 ad
1327 3669 1418 3737 pera-

289 3767 427 3847 gendum
449 3758 506 3828 Dei
527 3756 691 3828 seruitium
714 3770 947 3827 aucmentumt
962 3757 1003 3828 sit
1029 3769 1061 3828 et
1079 3758 1356 3848 supplementum.
1383 3761 1420 3829 Et

289 3871 359 3962 quia
376 3885 486 3942 nostra
502 3884 577 3942 sunt
603 3870 782 3961 periculosa
810 3886 966 3962 tempora,
989 3870 1020 3941 in
1039 3895 1110 3962 qnae
1131 3874 1212 3943 lines
1235 3874 1419 3944 seculorum

290 3988 499 4071 devenerunt,
520 3985 692 4077 inquibus
714 3988 920 4058 habundante
945 3985 1113 4078 iniquitate
1134 3990 1307 4058 multorum
1329 3987 1420 4058 retri-

290 4103 415 4191 gescitl
433 4099 565 4183 ltaritas,
587 4124 658 4171 eam
674 4100 872 4172 auctoritatis
888 4101 1130 4192 praerogativam
1146 4104 1286 4192 praelatae
1302 4103 1415 4172 matris

292 4213 435 4284 ecclesiae
457 4215 544 4284 clero
565 4216 612 4285 vel
647 4217 765 4305 populo
780 4213 979 4285 constituere
999 4229 1030 4285 et
1048 4213 1196 4285 ordinare
1220 4213 1353 4305 placuit,
1374 4237 1416 4285 ne

322 4524 393 4578 XlX.
412 4555 442 4565 -
456 4543 480 4578 c.
496 4527 526 4590 u)
539 4527 658 4580 illicitas.
671 4555 700 4566 -
711 4544 740 4580 ω.
756 4527 815 4578 net
830 4527 858 4591 S)
875 4526 1063 4582 parisiaca·
1080 4544 1108 4596 y.
1125 4528 1158 4581 ln
1178 4525 1257 4581 bullo
1277 4529 1419 4583 Benedicti

295 4607 403 4660 additur
416 4608 468 4660 sub
483 4608 615 4662 tuitionis.
638 4636 670 4650 -
690 4626 716 4660 ι.
741 4610 761 4663 Β
779 4617 805 4663 ct
829 4610 860 4675 Sl
880 4614 994 4665 statum.
1021 4638 1050 4649 -
1071 4625 1100 4664 a.
1128 4610 1160 4676 B)
1184 4617 1370 4679 augmentum.
1388 4633 1421 4650 -

297 4686 319 4739 l.
333 4689 363 4754 tt)
376 4691 541 4758 refrigescet.
