3420 5490
768 681 946 749 -tul-

293 838 404 884 uersus
420 815 526 884 locum
540 812 593 905 qui
606 813 722 885 dicitur
734 817 855 886 lloules
867 813 1051 905 contiguam
1068 837 1182 908 campo
1197 814 1362 888 Vincencii
1378 818 1419 888 113

295 931 416 1011 1133113,
431 951 468 998 er
487 951 547 997 una
560 941 660 1018 parte,
673 940 705 999 31
717 950 831 1018 campo
844 929 999 998 lobannis
1019 930 1131 1012 Baubo,
1145 950 1183 1000 ex
1195 932 1308 1017 altera,
1323 929 1418 1001 sitam

294 1039 325 1108 in
337 1040 508 1111 decimaria
525 1056 557 1111 et
571 1042 768 1132 campiparte
785 1040 863 1112 dicti
880 1041 1024 1133 capituli,
1045 1045 1175 1114 alteram
1196 1066 1271 1115 uero
1295 1042 1419 1136 peciam

295 1167 376 1224 terre
397 1177 493 1245 super
512 1156 695 1225 clrcminum
715 1154 768 1244 qui
789 1152 877 1225 ducit
903 1157 944 1225 113
971 1155 1148 1227 Aurelianis
1168 1160 1297 1228 Carnoti
1325 1171 1357 1230 31
1378 1160 1418 1229 aul

293 1267 497 1350 lirnolinnm,
518 1266 702 1359 contiguam
718 1292 833 1359 campo
859 1268 1032 1340 liberorum
1047 1269 1201 1342 delluncti
1225 1271 1353 1344 lloberti
1378 1275 1419 1344 ule

294 1388 403 1457 llnollo
425 1385 456 1455 in
477 1386 647 1458 cocinaria
674 1401 706 1459 et
722 1385 918 1479 campiparte
941 1387 1017 1460 ‹licti
1032 1388 1162 1481 capituli
1182 1390 1288 1470 sitam,
1310 1390 1420 1463 domi-

294 1501 395 1586 nium,
426 1505 491 1592 ius,
524 1502 763 1596 possessiouem
797 1517 829 1575 et
853 1503 1078 1595 proprietatem
1099 1504 1242 1577 omnium
1264 1521 1418 1578 terrarum

293 1615 518 1706 predictarum,
530 1619 570 1686 alr
585 1618 709 1688 eisdem
723 1619 836 1689 Odone
847 1631 879 1688 et
892 1616 1033 1687 nmelina
1047 1617 1134 1688 dioto
1145 1616 1286 1709 capitulo
1299 1615 1331 1688 in
1347 1641 1420 1710 per-

292 1729 513 1815 mutationem,
525 1745 559 1801 ut
573 1734 696 1802 dictum
709 1745 772 1814 est,
784 1752 1028 1814 concessarum,
1041 1731 1072 1800 in
1086 1733 1267 1803 bursarium
1280 1732 1420 1804 ecclesie

291 1846 528 1916 Aurelianensis
549 1845 616 1917 rice
629 1861 661 1916 et
672 1849 806 1917 nomine
816 1843 892 1916 dicti
906 1845 1035 1937 capituli
1047 1830 1187 1918 totaliter
1197 1850 1420 1919 transferendo

291 1975 321 2029 31
332 1960 430 2032 niclril
440 1961 518 2041 iuris
532 1960 660 2051 penitus
671 1960 861 2045 retinend03
877 1960 1100 2051 promittentes
1113 1959 1191 2031 dicti
1205 1963 1421 2035 0113311133·

291 2076 353 2144 lina
376 2099 432 2166 per
463 2077 557 2146 sulem
580 2098 671 2145 suam
695 2098 792 2166 super
817 2078 878 2146 lnoc
903 2076 1068 2165 prestitam
1107 2078 1307 2166 corporalem
1333 2079 1418 2167 quod

291 2205 400 2261 curura
419 2190 578 2281 predictas
597 2187 883 2279 permutacionem‚
899 2187 1080 2271 dacionem,
1101 2189 1347 2262 concessionem
1361 2214 1419 2262 seu

293 2317 402 2374 contra
429 2301 570 2392 predicta
597 2304 645 2371 uel
666 2300 784 2391 aliquid
805 2302 845 2370 de
872 2301 1025 2390 predictis
1048 2303 1118 2391 iure
1140 2302 1345 2384 hereditario,
1370 2328 1420 2375 ra·

292 2416 385 2487 ‹ziono
401 2416 485 2486 (lotis
507 2418 553 2485 uel
576 2413 715 2485 ‹lotalicii
737 2416 879 2498 nominc,
900 2438 958 2486 sou
978 2416 1121 2507 puraliltot
1133 2417 1193 2487 alia
1207 2419 1339 2489 racione
1352 2416 1420 2491 siro

293 2556 387 2602 causa
410 2555 465 2622 per
483 2553 518 2602 se
539 2532 586 2600 rel
603 2553 660 2620 per
679 2529 775 2599 alium
797 2552 854 2600 seu
873 2531 955 2600 alios
973 2554 1036 2601 non
1059 2530 1189 2602 uenient
1211 2531 1243 2602 in
1277 2535 1417 2604 loturum

289 2668 349 2716 noc
371 2646 478 2715 venire
496 2644 700 2733 aliquatenus
730 2645 979 2733 attemptatum,
1007 2643 1106 2715 immo
1127 2643 1344 2738 promiserunt
1364 2668 1421 2738 per

289 2761 408 2828 «lictum
426 2761 519 2829 litlem
541 2758 629 2847 quand
650 2779 764 2826 omncs
783 2779 833 2827 res
853 2770 885 2827 et
901 2755 1045 2847 singulas
1062 2761 1221 2849 predictas
1239 2757 1270 2829 in
1290 2781 1420 2849 permu-

290 2869 462 2953 tacionem,
484 2882 518 2938 nt
535 2867 656 2938 (lictum
677 2882 740 2948 est,
761 2870 851 2938 datas
867 2868 954 2939 dicto
973 2869 1114 2960 capitulo
1140 2869 1338 2956 liberabunt,
1366 2895 1421 2962 ga·

290 2982 428 3054 33311331
456 2998 487 3054 31
511 2983 696 3052 alellemlcnt
717 2998 872 3073 perpetuo
900 2997 1012 3054 contra
1043 3007 1170 3067 ornnes,
1201 2998 1233 3056 et
1263 2998 1418 3076 quantum

289 3097 494 3169 arlornniaot
514 3099 637 3188 singula
672 3099 854 3188 supradicta
880 3101 1018 3168 torrenda
1048 3112 1078 3171 31
1108 3101 1311 3191 adimplenda
1341 3099 1419 3173 dicti

290 3218 403 3287 1131331
425 3213 565 3284 limolina
586 3227 669 3284 3331
690 3235 804 3283 ornnes
825 3214 961 3284 11333133
989 3237 1026 3285 33
1048 3236 1258 3286 successoros
1280 3238 1358 3286 suos
1386 3229 1420 3287 et

290 3329 397 3400 omnia
415 3333 496 3399 laona
520 3352 576 3398 sua
610 3325 738 3397 rnolrilia
768 3340 799 3397 et
833 3328 1022 3412 immobilia,
1055 3329 1220 3419 presencia
1252 3342 1285 3400 et
1314 3333 1417 3400 lutura

292 3444 485 3530 triticumque
506 3439 679 3511 eristeucia
706 3439 791 3509 111313
813 3439 953 3531 capitulo
983 3464 1039 3532 per
1054 3443 1151 3513 tndem
1173 3465 1264 3513 suam
1295 3439 1419 3534 obliga·

292 3569 378 3639 ruunt,
407 3570 626 3648 supponentes
657 3579 692 3625 33
718 3568 748 3624 31
781 3578 838 3624 333
866 3562 971 3645 qrroal
998 3558 1059 3626 lroc
1088 3553 1305 3646 jurisdictioni
1329 3559 1419 3628 curio

293 3671 529 3741 lurrnlianousis
559 3667 972 3756 31313111333333(13133131
993 3673 1247 3740 13331313333133.
1269 3674 1303 3739 lu
1325 3672 1418 3758 cuijus

292 3785 335 3853 rei
358 3785 545 3853 ntorrtoriarn
578 3797 609 3852 ct
643 3781 862 3851 testimonium
902 3783 1107 3871 presentibus
1129 3780 1244 3852 litteris
1277 3781 1417 3874 sigilium

292 3899 528 3967 nlnreliaoousrs
548 3895 635 3966 curie
654 3895 802 3963 ‹lurinurs
837 3896 1076 3984 apponendum.
1103 3900 1219 3966 Datum
1244 3919 1330 3967 anno
1359 3901 1420 3967 llo-

292 4011 368 4079 mini
401 4010 570 4080 millesimo
604 4006 826 4078 ducentesimo
862 4006 1114 4098 septuagesimo,
1147 4008 1199 4081 die
1228 4009 1312 4100 jouis
1347 4025 1419 4101 post

292 4130 408 4196 leslunr
424 4126 576 4196 Omnium
598 4130 800 4194 Sanctorum.

1157 4237 1272 4311 Godin.
