3420 5490
738 687 918 752 „spr-

265 827 369 897 serta,
389 813 595 905 pontificatus
616 813 736 885 domini
757 816 909 907 Nicbolay
934 837 1014 908 pape
1043 815 1128 888 tertii
1155 840 1242 888 anno
1277 817 1393 909 primo.

266 931 325 999 Per
338 932 399 999 boe
413 927 576 1019 pubiicum
590 927 839 1000 instrumentum
851 942 955 1020 pateat
969 931 1123 1002 omnibus
1133 931 1392 1023 evidenterquod

265 1064 295 1131 pn
325 1043 485 1135 presentia
508 1041 582 1128 mei,
601 1042 744 1136 magistri
769 1042 925 1115 lobannis
946 1045 985 1115 dc
1004 1044 1158 1127 bitaribta,
1181 1045 1299 1136 publici
1320 1069 1395 1117 auc·

264 1160 393 1229 toritate
407 1158 526 1229 domini
553 1181 633 1249 pape
656 1158 783 1241 notorii,
805 1172 837 1229 et
859 1158 989 1229 testium
1010 1159 1282 1252 subscriptorum,
1306 1182 1394 1230 rere-

265 1277 384 1343 rendus
405 1274 435 1343 in
469 1273 594 1344 Cbristo
619 1288 706 1364 pater
731 1278 827 1344 trater
845 1276 916 1363 (sic)
936 1275 1050 1356 fluido,
1074 1274 1131 1345 ltei
1148 1275 1254 1365 gracia
1280 1272 1394 1344 Bituri-

265 1389 372 1457 oonsis
396 1387 674 1479 archiepiscopum,
697 1387 862 1477 brpritanie
894 1389 1027 1479 primas,
1055 1388 1133 1458 dixit
1163 1403 1194 1460 et
1224 1393 1394 1460 consessus

265 1499 321 1572 brit
339 1505 424 1592 ‹prrod
448 1503 475 1572 ei
493 1500 633 1593 legitime
654 1506 822 1573 constabat
848 1517 989 1595 temper
1018 1505 1149 1595 antiqua
1179 1504 1395 1575 instrumenta

265 1641 357 1708 rpuam
376 1641 430 1708 per
443 1631 543 1687 testes
561 1617 704 1707 ydoneos
719 1631 751 1687 et
766 1619 946 1707 tidcdignos
957 1619 1192 1709 quodecctesia
1206 1621 1246 1689 dc
1256 1622 1392 1709 btazcyo,

267 1730 472 1802 bituricensis
488 1731 650 1821 dyocesis,
672 1754 733 1820 que
758 1744 882 1821 spectat
906 1733 944 1801 ad
978 1730 1257 1823 presentacionem
1279 1731 1394 1805 deceni

265 1861 296 1917 et
315 1844 443 1936 capituti
466 1847 605 1916 ecclesie
626 1843 877 1929 Aurelianensis,
895 1844 994 1915 libera
1009 1846 1205 1918 ctimmunis
1218 1859 1269 1920 est
1280 1861 1395 1919 etesse

265 1963 359 2029 debet
377 1963 417 2029 ab
436 1958 523 2030 omni
549 1961 727 2038 exactione,
754 1971 880 2045 orresta,
907 1959 1145 2049 procuratione,
1173 1963 1298 2051 synodo
1320 1974 1354 2032 et
1376 1983 1394 2031 a

265 2087 370 2162 parata
390 2071 604 2143 archidiaconi
625 2086 656 2142 et
680 2070 951 2161 archipresbiteri,
978 2071 1108 2144 racione
1137 2073 1338 2164 receptionis
1362 2087 1395 2145 et

266 2184 504 2274 procuracionis
528 2197 683 2254 consueto
714 2206 777 2273 qne
802 2187 972 2255 debetura
1005 2184 1149 2276 capituto
1172 2185 1394 2258 buretianensi

265 2299 397 2368 cuilibet
421 2295 665 2390 archiepiscopo
694 2296 883 2368 bituricensi
914 2300 1014 2385 semet
1041 2297 1071 2367 in
1100 2299 1162 2370 ritu
1194 2300 1225 2369 in
1256 2297 1395 2371 ecclesia

266 2411 500 2483 burctianensi.
519 2415 555 2483 tu
577 2412 649 2504 rpria
669 2411 774 2482 dietus
799 2410 949 2483 dominns
974 2402 1244 2507 ¹archiepiscopus
1274 2411 1305 2484 in
1337 2437 1395 2486 sua

266 2528 407 2600 novitate
425 2541 587 2618 receperat
604 2552 620 2598 a
639 2529 728 2598 dicto
749 2542 872 2600 rectore
887 2530 927 2599 de
943 2534 1080 2620 btazeyo,
1093 2528 1306 2601 Bituricensis
1323 2532 1398 2621 dyo.

265 2644 362 2728 cesis,
385 2647 497 2714 decem
519 2641 641 2712 sotidos
662 2646 888 2712 turonensium
908 2642 1031 2714 ratione
1050 2659 1168 2734 queste
1201 2666 1298 2734 quarn
1319 2667 1397 2715 con·

265 2756 365 2826 suerit
388 2760 506 2825 babere
526 2779 542 2824 a
564 2755 743 2825 rectoribus
762 2757 972 2826 ecelesiarum
997 2755 1082 2827 dicte
1107 2756 1257 2847 dyocesis
1280 2755 1396 2828 Bituri-

264 2869 385 2949 censis,
403 2867 486 2938 idem
507 2870 659 2937 ‹torminus
674 2867 941 2960 archiepiscopus
954 2868 1094 2938 reddidit
1109 2867 1244 2940 domino
1258 2871 1397 2940 doberto

266 2985 305 3053 de
321 2984 495 3063 Cbantitre,
517 2981 744 3051 arcbidiacono
769 2979 884 3051 Sotiaei
906 2982 937 3051 in
958 2983 1095 3052 ccclesia
1122 2980 1343 3055 Aurelianensi
1365 2994 1398 3053 et

266 3096 422 3167 canonico
444 3093 644 3180 bituricensi,
667 3094 771 3166 dictos
792 3096 904 3167 decem
935 3097 1059 3167 subdus
1098 3097 1229 3167 nomine
1264 3110 1298 3169 et
1327 3097 1397 3168 rice

267 3210 342 3281 dieti
358 3211 501 3281 rectoris.
522 3214 632 3279 bctum
652 3233 750 3297 anuo,
770 3233 882 3282 mense
901 3224 934 3282 et
952 3210 1005 3282 die
1034 3209 1200 3303 predictis,
1231 3209 1262 3281 in
1298 3213 1398 3284 domo

202 3318 209 3334 ’
268 3331 397 3396 tratrum
411 3325 644 3418 predicatorum
662 3324 922 3409 bituricensium,
937 3325 1144 3419 presentibus
1159 3325 1398 3400 veremudum

269 3441 480 3512 ririsdecano
502 3440 706 3524 bituricensi,
741 3443 894 3532 magistro
932 3440 1064 3525 bovino,
1105 3441 1210 3534 priore
1243 3444 1284 3513 de
1314 3441 1398 3513 Satis

271 3556 415 3637 bburic,
437 3555 522 3624 dioto
541 3555 671 3624 domino
691 3558 831 3626 Itoberto
846 3557 886 3626 de
907 3555 1080 3642 Cbantitre,
1103 3555 1256 3647 magistro
1273 3556 1397 3626 bodrea

270 3673 308 3737 de
329 3675 446 3737 Sancto
467 3667 633 3748 Porciano,
650 3667 876 3738 arebidiacono
896 3668 935 3738 de
959 3667 1132 3753 borbonio,
1150 3667 1314 3759 magistris
1333 3671 1398 3738 bc·

271 3782 358 3852 nerio
378 3780 589 3862 desertoris,
609 3783 755 3851 lobanne
773 3783 812 3851 de
831 3779 1019 3872 Bregniaco,
1048 3784 1194 3852 iohanne
1219 3783 1260 3853 de
1280 3778 1398 3866 Paris..

271 3895 435 3970 canonicis
457 3895 728 3979 bituricensibus,
745 3895 881 3968 testibus
903 3892 1024 3967 vocatis
1043 3909 1076 3967 et
1100 3896 1232 3987 rogatis,
1263 3909 1296 3968 et
1310 3896 1398 3968 atiis.

609 4014 718 4102 Etego
730 4011 893 4103 predictus
913 4011 1066 4103 magister
1084 4013 1248 4083 lebannes
1261 4014 1302 4083 de
1314 4014 1400 4084 ttu-

565 4125 1399 4217 vitta,publicusauctoritatedominipapeootarius,

566 4236 732 4329 premissis
746 4262 880 4329 presens
900 4238 1027 4310 interfui
1050 4242 1139 4310 etde
1156 4241 1307 4312 mandato
1321 4237 1399 4310 dicti

567 4352 686 4422 domini
728 4352 960 4444 arcbiepiscopi
991 4376 1126 4444 presens
1149 4351 1398 4425 instrumentum

566 4469 690 4540 contcci
721 4483 753 4539 et
774 4468 888 4558 scripsi
904 4482 935 4540 et
956 4467 987 4537 in
1008 4467 1166 4560 publicam
1188 4469 1324 4540 formem
1349 4492 1400 4540 rc-

568 4584 640 4675 degi
661 4585 817 4675 signoque
837 4606 910 4656 meo
930 4583 1051 4675 signari
1071 4597 1213 4675 rogatus.

318 4191 439 4278 (boeto
459 4211 466 4256 :

274 4307 304 4374 F
307 4308 376 4373 teor
406 4306 444 4371 de
463 4304 513 4391 lyr

324 4423 465 4508 steteris.)
