3420 5490
773 592 812 603 -
834 558 873 622 78
892 592 934 605 ...

289 680 438 754 timeum
458 697 491 753 et
520 687 611 754 locus
641 696 675 753 et
703 704 755 752 ros
786 681 904 772 quinus
935 694 1080 765 utuntur,
1107 680 1190 770 juris
1218 681 1280 752 sit¹
1312 680 1416 773 insius

288 792 449 876 ecclesias,
474 808 506 864 et
525 799 565 863 atr
584 796 654 883 ejus
679 791 795 862 merito
814 793 974 882 pendeat²
992 805 1162 881 potestate.
1180 796 1260 876 Qun
1293 805 1328 862 ot
1349 795 1417 883 oie·

289 905 413 975 oiorem
434 903 467 975 in
500 904 557 975 oei
594 903 725 975 nominc
753 901 919 974 obtineant
955 902 1108 995 vigorem,
1144 917 1177 974 ut
1215 906 1285 975 nnec
1317 901 1416 975 etiarn

289 1015 396 1087 verius
411 1016 596 1107 certiusque
615 1021 786 1087 credantur
804 1038 842 1086 ac
866 1014 982 1087 metius
1001 1030 1246 1100 conserventur,
1273 1014 1416 1087 neminie

291 1127 392 1199 nostri
423 1132 588 1200 karantere
613 1114 730 1199 muniri
759 1142 791 1199 ot
819 1131 906 1197 annii
932 1126 1033 1198 nostri
1053 1125 1267 1219 impressione
1294 1126 1414 1217 signari

286 1239 456 1329 jussimus.

335 1355 578 1424 DataXlllkat.
609 1337 733 1437 marcii,
764 1375 849 1423 anno
882 1355 1010 1424 Christo
1040 1352 1178 1443 propitio
1191 1354 1257 1422 xm
1289 1348 1414 1443 imperii

292 1464 404 1536 domni
421 1463 568 1536 Ludovici
593 1464 727 1558 piissimi
747 1464 886 1556 augusti,
904 1463 1080 1537 indictione
1099 1467 1153 1536 ΙΙΙ.
1170 1470 1283 1536 Actum
1298 1463 1416 1557 Aquis·

292 1578 382 1670 grani
398 1576 514 1669 palatio
529 1582 632 1669 regio,
649 1577 682 1649 in
699 1577 757 1650 Dei
777 1578 908 1650 nornine
927 1578 1071 1650 toticiter.
1094 1584 1208 1650 nmen.

792 1919 918 1981 XXXIX

656 2142 774 2214 Sentis,
794 2141 975 2205 novembro
994 2140 1053 2205 990

293 2371 508 2447 lingona-Caput
532 2372 667 2428 conssrrno
690 2375 706 2428 o
736 2372 842 2443 t’tgtiso
855 2371 891 2428 do
916 2371 1106 2430 Scinio-croix
1120 2390 1166 2429 see
1186 2374 1361 2446 possession·
1382 2372 1419 2431 tio

746 2471 823 2522 toute
846 2467 957 2538 esptce.

661 2634 757 2705 (nouis
769 2631 804 2688 de
819 2634 927 2703 Beluae,
944 2650 972 2705 p.
985 2634 1044 2703 tu)

206 2784 210 2791 ’
297 2801 382 2870 (nun.
396 2800 504 2866 oeten,
520 2807 540 2854 t.
554 2798 629 2866 vtu,
646 2817 673 2870 p.
690 2798 752 2856 toa.
763 2831 783 2840 -
795 2799 860 2854 nee.
878 2800 927 2854 aa
938 2800 1011 2855 rrttr.
1025 2801 1074 2856 oet
1089 2802 1204 2869 cautes,
1218 2807 1237 2858 t.
1252 2802 1285 2857 rt.
1299 2820 1327 2876 ρ.
1340 2802 1417 2873 ooo)

340 3040 528 3111 innomine
565 3036 691 3109 Domini
723 3037 781 3108 Dei
801 3038 912 3109 aeterni
944 3053 976 3109 ot
1006 3037 1172 3110 salvatoris
1202 3042 1302 3111 nostri
1340 3045 1418 3114 lesu

295 3152 427 3239 Christi,
450 3157 550 3245 lingo,
570 3150 788 3223 misericordia
801 3150 856 3225 {tei
877 3175 942 3222 ret.
958 3152 1083 3224 Noverit
1096 3152 1254 3244 sagacitas
1273 3152 1418 3227 omnium

296 3268 436 3339 tidelinm
457 3281 576 3338 sanctu
597 3266 652 3337 ltoi
674 3264 820 3337 ecclcsiae
849 3282 1096 3358 nostrorumque
1126 3282 1189 3337 taur
1210 3270 1419 3359 rrruscntium

294 3407 389 3476 quam
406 3386 583 3453 tuturorurn
614 3379 767 3464 soltertia,
801 3379 875 3471 sutria
907 3379 1019 3451 atticos
1043 3380 1249 3453 serenitatem
1276 3396 1419 3455 nostram

295 3498 343 3568 vir
374 3495 564 3567 venerabilis
591 3498 752 3570 arnulfus.
787 3493 1024 3565 Atrreliauoncis
1049 3494 1197 3568 ecclesian
1228 3493 1420 3589 episcopus,

295 3635 368 3704 qnae
384 3610 415 3681 in
437 3614 558 3681 honoro
575 3622 695 3681 sanctur
713 3623 743 3680 ct
764 3607 894 3679 viviticat
914 3608 1027 3679 Crtrcis
1043 3609 1221 3681 dinoscitur
1236 3632 1310 3682 esse
1324 3634 1420 3683 cons-

297 3740 414 3809 tructa,
434 3728 466 3794 in
493 3748 555 3815 qua
575 3722 670 3795 etiam
701 3747 816 3794 rnatrus
837 3722 964 3793 ltorrrini
982 3722 1140 3816 aptraruit,
1162 3724 1277 3796 obtulit
1296 3725 1419 3797 obtuti-

295 3843 356 3910 bos
383 3838 502 3908 nostris
538 3837 745 3908 auctoritates
778 3839 1052 3928 praedecessorum
1082 3853 1277 3921 nostrornm,
1307 3860 1420 3929 regnrn

295 3952 420 4024 scilicet
439 3968 471 4022 ot
491 3952 731 4043 insputatorurn,
754 3949 952 4022 screnisuirni
975 3950 1119 4022 videlicut
1140 3951 1243 4023 tarot
1256 3956 1418 4044 qnondarn

295 4066 512 4159 imperatoris,
545 4089 670 4138 necnon
703 4067 760 4136 titii
788 4070 859 4158 ojus
891 4065 1040 4137 truriotici
1069 4083 1100 4137 et
1132 4066 1334 4139 nartonsuui
1356 4070 1422 4159 gio·

296 4181 552 4253 riosissirnornnt
569 4205 693 4271 reguru,
709 4206 780 4273 uuae
795 4195 956 4274 pancartae
975 4196 1151 4266 vocantur,
1171 4179 1203 4252 in
1217 4181 1423 4273 quinarem·

298 4376 896 4388 *ιιι-*αισα*
1297 4376 1421 4389 -ῌ

332 4488 339 4523 ¹
360 4486 436 4561 spu.
453 4487 518 4544 sint.

330 4575 342 4613 ⁸
359 4576 439 4651 Spic.
455 4577 603 4651 pendeant.
