3420 5490
757 709 936 774 ..385-

294 840 401 914 Sancti
416 838 540 911 l’aterni
558 836 806 921 Aurelianensis,
822 841 916 908 tratre
932 838 1093 926 Steplrano
1109 837 1229 921 Baatel,
1243 838 1284 908 de
1298 835 1412 907 ordino

289 960 421 1026 fratrum
436 952 608 1035 minorum,
623 950 721 1023 tercio
736 948 871 1021 cumeis
886 947 1051 1021 nominato
1065 973 1081 1019 a
1097 947 1239 1042 partibus
1250 960 1283 1021 et
1293 951 1409 1022 electo,

291 1066 429 1159 receptis
449 1067 586 1138 testibus
615 1077 647 1136 et
673 1061 931 1135 attestationibus
952 1059 1134 1153 publicatis,
1156 1064 1285 1134 tandem
1307 1062 1412 1155 priore

287 1182 327 1251 de
355 1186 473 1251 Sancto
505 1182 640 1250 Paterno
671 1175 856 1248 infirmitate
884 1177 1015 1247 detento
1040 1189 1074 1245 et
1093 1173 1315 1247 committente
1340 1172 1412 1247 aliis

288 1295 376 1365 vices
396 1315 473 1364 snas
493 1293 534 1364 de
554 1314 715 1362 consensu
736 1290 886 1382 partium,
907 1288 985 1360 dicti
1011 1291 1158 1361 Galterus
1173 1300 1206 1361 et
1224 1291 1322 1361 lrater
1339 1292 1412 1360 Ste-

289 1409 413 1500 phanus
436 1416 644 1478 accesserunt
668 1403 878 1495 personaliter
897 1406 936 1475 ad
956 1408 1112 1496 Lymoron
1128 1415 1161 1474 ct
1180 1405 1219 1474 ad
1236 1416 1352 1475 terram
1372 1405 1412 1475 de

288 1523 380 1611 cujus
406 1520 529 1592 decima
554 1522 722 1591 contentio
742 1520 941 1601 movebatur,
962 1517 1016 1609 qui
1038 1540 1095 1608 pro
1114 1520 1201 1589 bono
1221 1514 1323 1608 pacis,
1341 1539 1414 1607 pre·

289 1647 380 1705 sente
396 1632 539 1718 Girardo,
556 1635 664 1724 priore
680 1646 791 1702 nostro
811 1633 851 1702 de
870 1636 1025 1721 lymoron
1050 1642 1083 1702 et
1104 1630 1350 1713 consenciente,
1370 1629 1413 1699 ita

290 1744 515 1817 ordinaverunt
540 1747 625 1836 quod
655 1757 832 1835 posuerunt
858 1755 923 1814 tres
943 1756 1045 1815 metas
1064 1766 1102 1816 ex
1127 1757 1310 1814 transverso
1330 1740 1415 1814 dicte

291 1861 428 1943 culture,
449 1861 534 1929 sicut
549 1860 752 1951 protenditur
769 1879 881 1928 versus
900 1863 1077 1949 ,Lymorom
1103 1857 1255 1929 videlicet
1278 1858 1358 1927 duas
1374 1858 1415 1927 ad

292 1976 356 2044 duo
386 1976 490 2066 capita
517 1987 549 2046 et
582 1997 676 2044 ranam
709 1972 740 2042 in
773 1971 894 2056 medio,
921 1975 1057 2063 llgentes
1080 1995 1136 2045 cas
1168 1970 1416 2043 indivisionem
1463 1986 1466 1992 '

294 2087 516 2159 decimationis
540 2092 658 2157 Sancte
684 2084 795 2156 Crucis
815 2084 1065 2168 Aurelianensis,
1095 2086 1137 2156 ita
1166 2087 1253 2176 estod
1277 2086 1418 2157 ecclesia

294 2198 530 2272 Aurelianensis
545 2213 575 2272 et
587 2198 800 2271 decimatores
813 2198 863 2271 sui
879 2202 1056 2284 lrabebnnt,
1069 2198 1246 2291 percipient
1261 2213 1293 2272 et
1307 2223 1419 2292 prose·

294 2327 432 2407 ‹prterrtnr
446 2313 576 2407 peritton
589 2327 619 2385 et
636 2317 744 2406 ‹priote
758 2316 917 2386 decimam
937 2337 994 2405 por
1010 2327 1106 2386 totam
1124 2316 1244 2387 dictam
1260 2319 1419 2389 culturam

295 2429 378 2501 sieut
393 2430 594 2523 protenditur
612 2432 765 2503 detersus
781 2433 948 2503 Villcmarr.
961 2453 1064 2523 usque
1081 2431 1122 2503 ad
1136 2431 1207 2503 illas
1223 2445 1288 2504 tres
1301 2446 1419 2516 metas,

295 2560 327 2618 ct
347 2546 480 2619 ulterius
501 2546 531 2616 in
559 2545 631 2617 aliis
659 2546 752 2618 terris
774 2549 815 2619 de
835 2552 990 2639 Apmoron
1012 2544 1169 2619 decimam
1191 2571 1255 2619 non
1271 2560 1423 2638 poterunt

296 2663 479 2732 reclamare.
498 2665 561 2731 Nos
582 2683 656 2732 vero
674 2661 908 2732 ordinationem
927 2684 1039 2732 eorum
1060 2673 1093 2732 ot
1113 2659 1307 2752 positionem
1323 2673 1424 2732 meta·

296 2798 365 2843 rum
386 2788 484 2844 ratam
504 2788 536 2844 et
550 2786 671 2864 gratam
691 2776 863 2858 habentes,
883 2773 1100 2864 promittimus
1121 2797 1182 2844 nos
1201 2797 1271 2845 eam
1291 2773 1426 2845 llrmiter

296 2889 523 2957 obseruaturos
553 2900 586 2957 et
614 2889 797 2957 nullatenus
827 2910 887 2957 nos
906 2901 1015 2957 eontra
1043 2886 1162 2958 venire.
1195 2890 1310 2957 [latum
1339 2908 1425 2958 anno

300 2998 429 3070 Domini
450 3003 527 3069 AlCC
546 2997 826 3090 quinquagesimo,
845 3022 958 3071 nrense
973 3001 1153 3082 novembri,

814 3341 913 3402 CCXC

744 3612 876 3673 lanvier
896 3611 972 3674 tall

302 3837 489 3910 compromis,
505 3836 618 3907 accepte
638 3851 688 3908 par
711 3836 905 3892 Salute-Croix
923 3842 951 3893 el
976 3835 1085 3892 Hubert
1110 3835 1146 3891 de
1161 3835 1330 3903 Peronville,
1350 3851 1386 3892 cn
1402 3835 1430 3892 la

338 3949 478 4004 personne
493 3932 637 3988 d’Etlenne
652 3933 686 3987 de
697 3931 724 3987 la
738 3934 861 3990 couture
871 3937 898 3988 et
912 3932 948 3988 de
960 3932 1122 3990 Guillsume
1135 3931 1299 3997 Manchard,
1314 3947 1387 4004 pour
1402 3933 1430 3989 lc

338 4029 493 4100 replement
507 4028 557 4084 des
575 4030 668 4101 points
684 4029 807 4100 litigieux
823 4046 838 4100 p
853 4028 980 4101 spdeillds
995 4030 1043 4102 qui
1060 4029 1100 4086 lss
1115 4028 1244 4085 dirisenl.

537 4177 626 4247 (orig.
642 4193 665 4230 s.
682 4175 779 4248 parclr.
796 4175 880 4230 Arch.
896 4174 935 4231 du
950 4174 1054 4246 loiret,
1069 4176 1103 4231 G.
1123 4174 1197 4238 377).

353 4368 513 4438 Universis
529 4381 696 4458 presentes
716 4367 837 4438 litteras
857 4365 1051 4460 inspecturis
1070 4370 1263 4463 Al[anasses]
1288 4371 1432 4441 decanus

309 4492 474 4572 totumque
499 4481 672 4574 capitulum
707 4488 823 4554 Sancte
848 4481 958 4555 Crucis
978 4482 1218 4556 Aurelianensis
1242 4486 1378 4556 salutem
1399 4483 1433 4555 in

308 4596 457 4667 Domino.
476 4596 627 4668 Noveriul
643 4595 781 4668 universi
811 4600 896 4688 quod
923 4621 997 4669 cunr
1015 4610 1190 4670 verteretur
1204 4597 1370 4671 contentio
1385 4599 1435 4669 in·

310 4724 357 4782 ter
375 4732 449 4796 nos,
476 4735 512 4783 ex
533 4735 594 4782 una
616 4728 717 4803 parte,
738 4723 769 4783 et
788 4715 963 4784 llrrbertum
980 4711 1264 4805 dellspesonrilla,
1286 4711 1435 4799 militem,

1313 4854 1351 4911 25
