3420 5490
763 740 800 753 -
825 707 944 771 269-

781 1027 928 1091 CLXXlX

710 1301 749 1365 30
767 1301 900 1383 janvisr
919 1299 999 1364 tate

290 1531 497 1602 Promnlgation
526 1546 576 1603 par
603 1531 645 1586 les
665 1528 798 1601 ddldgnds
823 1530 1014 1603 apostoliques
1037 1531 1072 1588 de
1093 1530 1120 1587 la
1134 1535 1267 1588 sentence
1281 1529 1416 1588 arbitrale

488 1637 490 1641 ’
535 1627 650 1683 relative
678 1642 732 1682 aux
752 1626 843 1681 dtrnes
868 1625 904 1682 da
923 1625 969 1682 rin
984 1625 1019 1682 ds
1047 1625 1163 1684 ltlardid.

476 1771 565 1843 (θήῃ.
592 1788 616 1825 s.
646 1770 743 1843 parcb.
773 1770 858 1825 llrcb.
888 1769 926 1826 du
954 1770 1060 1840 boisel,
1088 1773 1122 1827 G.
1152 1771 1228 1842 stt.)

333 1966 368 2032 l.
391 1966 547 2047 decanus,
574 1960 685 2033 Simon
713 1973 745 2033 et
765 1958 838 2030 llilo
861 1959 1007 2033 canonici
1034 1963 1226 2045 ldeldenses,
1261 1964 1415 2035 omnibus

291 2087 459 2164 presentes
480 2074 600 2143 litteras
618 2070 811 2163 inspecturis
829 2074 965 2143 salutem
981 2072 1012 2142 in
1026 2071 1176 2144 Domino.
1193 2077 1323 2146 Noverit
1342 2073 1414 2144 uni·

291 2185 426 2256 versitas
446 2201 549 2256 restra
569 2187 654 2275 quood
675 2209 748 2254 cum
774 2183 857 2254 inter
891 2183 975 2256 uiros
994 2185 1194 2256 uenerabiles
1215 2187 1412 2279 liebertum}

290 2300 445 2369 decanum
472 2310 504 2368 et
534 2297 707 2388 capitulum
728 2295 970 2381 Aurelianense,
990 2320 1027 2367 ex
1048 2320 1109 2367 una
1131 2312 1232 2387 parte,
1257 2310 1289 2370 ct
1307 2297 1412 2369 bomi-

291 2435 348 2483 nos
361 2415 401 2484 de
421 2410 586 2503 parrochia
607 2414 646 2482 de
666 2409 811 2493 ldarzeio,
827 2435 863 2482 ex
883 2414 995 2497 altera,
1011 2433 1108 2502 super
1128 2411 1261 2484 decimis
1288 2410 1352 2483 uini
1371 2415 1411 2485 de

289 2527 389 2598 uiuers
404 2549 483 2615 quas
514 2524 589 2596 dicti
610 2524 759 2596 homines
779 2527 897 2595 babent
925 2525 956 2594 in
978 2526 1146 2616 parrochia
1162 2527 1203 2597 de
1219 2524 1351 2597 darneio
1372 2523 1404 2596 in

289 2638 503 2711 decimatione
514 2637 625 2727 prelati
640 2635 770 2727 capituli
790 2659 899 2708 coram
921 2637 1014 2707 nobis
1027 2637 1217 2709 auctoritate
1231 2637 1408 2729 apostolica

289 2749 458 2823 contencio
473 2763 661 2836 verteretur,
672 2752 712 2819 ab
723 2751 838 2821 eodem
853 2749 992 2841 capitulo
1005 2764 1039 2821 et
1049 2749 1202 2841 predictis
1213 2749 1414 2834 hominibus,

290 2867 373 2937 sicut
391 2887 428 2936 ex
447 2878 535 2956 parte
555 2862 699 2955 ipsorum
712 2863 912 2955 accepimus,
934 2866 966 2933 in
987 2862 1088 2933 uirum
1106 2863 1321 2936 uenerabilem
1338 2864 1414 2935 Wil-

291 2980 432 3064 lclmum,
452 2979 600 3050 abbatem
631 2978 726 3049 Curris
755 2979 827 3061 llei,
858 2990 892 3048 et
916 3000 1016 3049 unum
1043 2980 1083 3050 de
1103 2977 1245 3072 capitulo
1270 2978 1412 3051 burella·

291 3094 396 3177 nensi,
412 3116 507 3184 quem
535 3092 710 3185 capitulum
740 3094 849 3163 mallet
867 3091 998 3184 eligere,
1014 3091 1074 3164 luit
1098 3095 1138 3164 de
1150 3092 1246 3164 dictis
1262 3091 1410 3180 decimis,

293 3211 352 3280 lule
369 3231 405 3279 ex
422 3222 509 3299 parte
524 3209 682 3278 dictorum
704 3204 870 3277 bominum
889 3207 1098 3299 corporaliter
1112 3207 1259 3297 prestita,
1279 3221 1313 3280 et
1329 3231 1410 3299 pena

291 3337 418 3394 centum
440 3323 591 3392 librarum
606 3318 831 3411 parisiensium
848 3322 888 3390 ab
902 3331 1035 3410 utraque
1051 3333 1140 3413 parte
1154 3322 1313 3412 apposita,
1329 3323 1415 3394 datis

291 3458 385 3527 super
406 3439 466 3505 boc
496 3431 752 3524 fidejussoribus,
776 3434 1061 3523 compromissum,
1091 3435 1133 3504 ita
1158 3432 1307 3505 videlicet
1328 3437 1414 3525 qnod

292 3547 1173 3636 dictiarbitristatueretenercutur,etc...(commclucb.
1186 3547 1414 3631 CLXXVIII,

292 3665 426 3732 mutatis
447 3663 671 3748 mutandis)...
694 3661 931 3749 adjungendus.
947 3665 1028 3729 Cum
1054 3673 1161 3730 autem
1198 3658 1414 3749 prenominati

293 3775 432 3845 decanus
464 3785 495 3843 ct
527 3771 703 3861 capitulum
736 3773 775 3840 ad
813 3771 933 3840 dictum
965 3769 1132 3841 arbitrium
1172 3769 1416 3863 suscipiendum

293 3885 390 3957 uirum
412 3887 627 3956 uenerabilem
649 3889 823 3975 l‘aganum,
838 3886 1059 3955 subdecanum
1081 3883 1358 3984 Aurelianensern,
1376 3908 1415 3957 cr

292 4012 378 4091 parte
398 4023 456 4070 sua
479 3997 666 4089 elegissent,
695 4020 733 4069 ac
770 3996 875 4068 dictus
906 3999 1007 4068 abbas
1026 4009 1058 4070 et
1085 3998 1171 4068 idem
1196 3999 1415 4080 subdecanus,

293 4115 376 4185 sicut
390 4136 426 4184 er
442 4135 553 4184 eornm
567 4110 682 4182 litteris
700 4113 794 4202 plene
813 4109 1045 4196 intelleximus,
1059 4133 1157 4202 super
1173 4110 1325 4203 predictis
1341 4112 1418 4184 licet

294 4230 324 4297 in
344 4226 471 4298 modico
492 4224 595 4318 primo
608 4228 646 4296 ad
663 4223 799 4297 inuicem
816 4224 1052 4309 discordarent,
1074 4227 1179 4296 uirum
1198 4223 1416 4298 uenerabilem

295 4341 491 4433 vulgrinum,
516 4342 665 4411 abbatem
688 4341 798 4411 Sancti
826 4339 950 4410 liuureii
980 4336 1232 4419 Aurelianensis,
1263 4336 1295 4410 in
1325 4336 1413 4411 dicto

294 4454 422 4528 arbitrio
464 4453 525 4526 sibi
563 4453 766 4526 concorditer
796 4455 1020 4545 adjunxerunt.
1052 4453 1113 4542 Qui
1149 4469 1228 4539 tres,
1251 4455 1416 4527 voluntate

295 4571 436 4643 unanimi
454 4570 485 4641 in
499 4572 645 4642 eamdem
666 4569 858 4642 senteutiam
879 4573 1130 4655 concordantes,
1149 4570 1258 4642 babitu
1276 4568 1415 4661 pruden-

298 4684 373 4757 tium
397 4685 535 4757 consilio
563 4708 662 4777 super
690 4683 870 4775 premissis,
897 4683 981 4756 sicut
1011 4683 1044 4755 in
1071 4683 1215 4777 ipsorum
1233 4680 1437 4775 patentibus
