3420 5490
765 1100 935 1160 ccxxxv!

811 1423 890 1488 l235

289 1680 328 1737 ιο
347 1680 472 1752 euspilro
490 1680 583 1737 donno
606 1679 623 1734 l
646 1678 753 1735 duberl
766 1677 802 1732 do
827 1675 980 1748 Villopion,
1008 1691 1045 1732 en
1059 1674 1184 1747 delrougc
1209 1673 1245 1730 do
1266 1689 1319 1731 son
1342 1673 1419 1730 droit

326 1777 440 1848 d'usuge
455 1776 526 1832 dnus
545 1776 587 1830 les
599 1775 660 1831 bois
682 1775 716 1830 dc
731 1773 898 1845 Flauoleius,
914 1789 971 1829 uno
985 1772 1063 1846 pidee
1077 1771 1112 1827 do
1129 1771 1293 1844 loannem·
1313 1768 1349 1825 de
1369 1785 1416 1826 cos

325 1872 398 1940 lueis,
414 1874 429 1927 ll
445 1872 520 1929 lenir
531 1888 566 1928 cn
582 1871 632 1926 fiel
649 1871 685 1925 dc
700 1868 905 1927 Seinlc-Grolx.

541 2036 630 2107 (orig.
651 2050 702 2089 sur
716 2035 812 2105 perch.
829 2033 914 2090 decli.
931 2032 969 2088 du
983 2030 1085 2102 belriu,
1102 2033 1149 2100 G.)

339 2278 497 2351 Omnibus
517 2292 686 2370 presentes
706 2277 828 2349 liueras
847 2274 1053 2369 inspecturis,
1069 2278 1254 2371 Llcbenns]
1275 2277 1417 2348 decenus

293 2405 327 2465 el
342 2391 525 2465 uniuersum
546 2391 774 2464 Aurelianense
790 2391 963 2484 capitulum
989 2393 1125 2465 sulutem
1141 2392 1172 2462 in
1186 2390 1336 2465 Domino.
1357 2393 1416 2463 No·

297 2508 400 2580 verim
429 2508 568 2581 uniuersi
594 2512 679 2600 qured
701 2532 761 2580 uos
785 2509 903 2581 dileclo
923 2521 954 2581 el
979 2509 1063 2580 ddcli
1090 2522 1202 2580 uuslro
1221 2510 1359 2580 duluerlo
1378 2506 1419 2579 de

295 2623 472 2716 Vilerpiem
490 2623 596 2706 mdiu,
617 2639 648 2696 el
671 2625 846 2696 heredibus
860 2626 945 2714 ejus,
960 2647 1017 2715 pro
1033 2622 1166 2715 usuagis
1184 2625 1269 2715 quod
1283 2623 1420 2694 habebat

294 2742 327 2809 iu
351 2739 537 2809 nemoribus
558 2737 678 2808 noslris
698 2740 948 2828 declaremus,
971 2736 1194 2809 concessimus
1213 2750 1243 2808 el
1270 2735 1421 2808 dedimus

294 2851 326 2920 iu
351 2849 572 2922 eselmmbiunr
593 2851 801 2940 quadraginin
821 2865 955 2941 arpenta
987 2851 1027 2921 de
1048 2848 1199 2940 predictis
1220 2847 1420 2930 nemoribus,

295 2966 328 3034 in
349 2986 410 3032 urna
438 2962 526 3052 pecie
555 2962 708 3033 conlinue
736 2965 982 3052 comprehenso,
1017 2960 1058 3031 ila
1086 2975 1191 3033 lemen
1223 2962 1310 3052 quod
1338 2958 1422 3032 sicul

297 3075 476 3168 predictum
497 3074 665 3164 usuagium
695 3098 711 3143 n
741 3077 836 3144 nuliis
863 3078 993 3145 lcuclml
1022 3073 1053 3143 in
1075 3076 1218 3155 lendum,
1239 3072 1280 3144 ira
1312 3088 1345 3144 el
1368 3096 1423 3145 cs·

297 3188 513 3261 clrsmlriumo
533 3188 626 3259 uobis
641 3187 673 3260 iu
685 3191 813 3258 lendum
832 3192 988 3259 lenelrunl
1007 3190 1077 3278 ipsc
1096 3200 1129 3258 el
1140 3189 1277 3258 heredes
1292 3186 1396 3279 ipsius
1411 3210 1420 3269 3

298 3306 359 3372 lroc
377 3301 537 3390 siquidem
557 3299 666 3369 addito
685 3314 718 3369 el
737 3322 889 3390 rsupresso
903 3301 989 3389 quod
1011 3322 1071 3370 nec
1090 3300 1153 3389 ipsi
1170 3321 1230 3370 nce
1247 3299 1422 3369 heredibus

298 3416 368 3501 ejus
391 3435 451 3483 nec
474 3411 545 3482 suis
566 3434 622 3500 per
640 3434 697 3481 eos
722 3424 776 3481 sul
797 3434 833 3482 ex
855 3425 943 3501 nerle
965 3410 1109 3503 ipsorum
1138 3408 1248 3482 licebit
1266 3409 1423 3502 extirpare

299 3529 347 3596 uel
368 3527 519 3597 edidicere
539 3523 681 3606 ibidern;
711 3526 798 3594 saluo
818 3522 1049 3596 nichilominus
1077 3521 1109 3594 in
1135 3522 1288 3595 omnium
1308 3537 1340 3595 cl.
1366 3546 1423 3616 per

299 3643 406 3710 onmia
424 3643 496 3731 jure
516 3638 636 3710 domini
659 3641 760 3729 regis.
779 3642 889 3711 delum
910 3663 995 3710 anno
1012 3637 1139 3711 Domini
1161 3642 1239 3711 dcc
1258 3637 1423 3710 lricesimo

299 3767 423 3846 quinto.
