3420 5490
743 1059 967 1123 CCCXXXVlil

729 1330 874 1410 sturnos
910 1330 984 1394 tarr

338 1554 405 1615 Joarr
421 1555 581 1623 donnana,
596 1554 722 1628 premier
739 1554 880 1626 seigneur,
896 1553 1034 1609 eonssrmo
1048 1553 1173 1613 tanente
1191 1554 1370 1629 prdeddento.

523 1700 611 1773 tons.
627 1718 651 1756 s.
672 1701 769 1773 perch.
784 1699 871 1758 Aroh.
888 1699 926 1757 du
939 1700 1043 1768 Loiret,
1057 1700 1090 1757 G.
1108 1700 1187 1773 373.)

337 1920 497 1993 Universis
517 1902 685 2013 presentes
707 1922 830 1991 litteras
850 1920 1045 2011 inspectoris
1067 1924 1231 1994 lohannes
1256 1923 1297 1995 do
1316 1930 1416 1997 Arne·

292 2034 400 2120 tianis,
421 2037 526 2117 mites,
543 2037 680 2105 satutem
701 2033 732 2103 in
765 2032 913 2104 Domino.
942 2036 1056 2105 Notnm
1088 2034 1226 2108 tacimus
1253 2038 1341 2127 qnod
1357 2061 1419 2110 nos

292 2163 390 2218 totam
412 2147 569 2218 decimam
597 2149 637 2217 de
662 2144 841 2228 Vittemain,
872 2146 903 2215 in
937 2146 1102 2238 parrochia
1130 2149 1171 2219 de
1195 2148 1418 2221 Ctrareonritta

291 2261 398 2343 sitam,
422 2283 517 2350 qnam
545 2262 711 2331 tenebata
734 2259 826 2329 notris
854 2257 885 2328 in
916 2261 1012 2329 teudo
1032 2258 1227 2350 Reginatdns
1246 2264 1415 2350 nasoon,

290 2372 397 2458 mites,
412 2395 507 2463 qnam
521 2374 651 2462 qnidem
673 2370 831 2442 decimam
846 2372 951 2443 dietns
965 2372 1159 2463 Rapinatdns
1175 2372 1318 2446 vendidit
1339 2374 1417 2447 siris

291 2484 526 2555 venerabilibus
545 2499 576 2555 et
593 2482 742 2555 diseretis
761 2487 884 2554 decano
907 2498 939 2554 et
958 2483 1099 2576 capituto
1118 2486 1413 2573 Aurelianenritms,

291 2596 385 2665 dietis
409 2598 532 2665 ‹tecano
557 2609 590 2665 et
615 2594 755 2685 capituto
775 2609 924 2685 tanquam
954 2598 1078 2684 primns
1101 2596 1252 2666 dominns
1277 2600 1416 2669 tendatis

290 2710 375 2780 dicte
394 2708 519 2781 decime
538 2709 823 2790 admortitieamns‚
838 2720 869 2778 et
886 2711 1033 2778 rotnmns
1049 2722 1082 2778 et
1094 2707 1305 2779 concedimus
1323 2708 1411 2800 qnod

290 2823 368 2894 dieti
394 2825 536 2894 decanus
566 2836 598 2891 et
624 2820 797 2913 oapitntnm
829 2819 945 2892 dietam
966 2820 1125 2891 decimam
1149 2822 1413 2893 admonitionum

289 2959 415 3011 earrnne
436 2937 466 3006 in
488 2951 678 3030 perpetuum
702 2934 733 3005 in
750 2958 845 3004 marin
867 2949 990 3005 mortua
1012 2949 1142 3007 teneant
1161 2949 1194 3007 et
1214 2936 1413 3027 possideam,

289 3068 320 3126 et
341 3051 559 3146 promittimus
580 3053 662 3121 bona
687 3052 749 3121 trde
768 3051 852 3141 qnod
873 3073 932 3120 tros
953 3066 1104 3142 tanquam
1124 3052 1249 3143 primus
1262 3048 1416 3123 dominns

289 3167 423 3240 tendatis
436 3168 554 3237 dictam
564 3167 723 3236 decianam
738 3162 956 3244 liberabimus,
968 3165 1417 3254 perarantiatrimnsetdetien·

289 3286 403 3353 demns
427 3280 521 3350 dietis
537 3278 668 3349 donanis
693 3294 724 3350 et
751 3277 892 3370 capituto
914 3294 1069 3370 perpetuo
1089 3293 1202 3351 eontra
1227 3278 1416 3371 omnesqui

289 3421 325 3469 se
346 3398 490 3467 dicerent
505 3418 562 3465 sen
583 3398 724 3465 tacerent
744 3395 894 3464 dominos
910 3396 1053 3465 tendates
1070 3394 1196 3466 decime
1213 3396 1413 3487 supradicte,

290 3524 423 3601 excepto
438 3506 568 3579 domino
584 3506 738 3599 episeopo
751 3505 984 3592 Aurelianensi,
1002 3530 1020 3577 a
1037 3530 1101 3599 qno
1113 3506 1276 3579 tendimns
1290 3506 1324 3579 in
1343 3512 1414 3581 terr·

290 3629 366 3696 dnm
384 3622 541 3694 (terimam
570 3622 796 3713 snpradietam.
821 3626 856 3691 tit
878 3636 1032 3712 qnantum
1053 3624 1093 3693 ad
1116 3624 1224 3693 omnia
1236 3636 1269 3693 et
1287 3622 1416 3715 singnis

290 3739 471 3832 supradicta
491 3739 628 3808 tenenda
658 3750 691 3805 et
710 3736 914 3827 adimplenda
947 3737 1128 3827 otrtigamns
1146 3760 1206 3807 nos
1225 3750 1258 3809 et
1277 3739 1417 3811 treredes

290 3870 322 3927 et
336 3874 545 3925 successores
560 3867 689 3921 nostros
703 3863 735 3921 et
749 3850 856 3920 omnia
878 3854 960 3919 trona
977 3866 1086 3921 nostra
1098 3848 1227 3921 motritia
1246 3864 1278 3921 et
1297 3852 1416 3923 immo·

290 3969 378 4053 bitis,
410 3968 571 4059 presentia
596 3981 627 4037 ot
653 3971 767 4049 tntum,
789 3968 913 4036 decano
942 3980 973 4035 et
993 3964 1133 4056 ‹eapituto
1148 3965 1355 4057 supradietis.
1380 3968 1415 4037 tn

290 4086 383 4173 enjus
411 4081 457 4152 rei
482 4078 669 4150 memoriam
700 4093 732 4150 et
752 4078 972 4149 testimoninm
991 4093 1158 4170 presentes
1179 4076 1303 4149 titteran
1317 4079 1416 4154 dietis

290 4203 413 4269 decano
428 4211 460 4266 ot
483 4195 624 4285 eapitnto
649 4196 688 4263 ad
710 4216 821 4284 preces
841 4193 914 4265 dieti
936 4192 1100 4283 ttaginatdi
1120 4192 1282 4279 dedimus,
1304 4192 1414 4285 sigilio

291 4324 402 4380 nostro
437 4306 602 4397 sigittntas.
642 4311 757 4374 ltatnm
791 4327 876 4373 anno
910 4303 1038 4374 Domini
1078 4302 1250 4375 mittesimo
1288 4308 1414 4377 CCLXX

290 4423 441 4514 septimo,
462 4419 514 4491 die
525 4418 608 4512 jovis
627 4432 699 4510 post
719 4423 834 4489 testam
854 4419 961 4489 Sancti
982 4415 1105 4488 ttartini
1122 4414 1278 4489 estiratis.
