3420 5490
763 1037 765 1041 ’
778 1036 970 1099 CCClrllell

748 1338 788 1401 tt
813 1338 878 1399 mni
892 1336 972 1401 tuus

296 1589 432 1644 Sentenoe
442 1589 477 1644 de
490 1588 614 1645 l'ottloinl
626 1587 661 1643 de
676 1590 784 1647 Nevers
797 1587 986 1643 condoruuout
997 1588 1104 1645 Paolrin
1118 1592 1147 1644 et
1162 1590 1248 1659 Aton,
1264 1588 1427 1645 teunuoiero

330 1685 368 1738 du
396 1684 505 1738 moulin
530 1684 564 1738 de
590 1685 722 1754 l‘ruynat
745 1684 761 1737 d
785 1700 870 1754 paper
891 1700 927 1737 ou
948 1684 1072 1753 olrrpitre
1094 1684 1129 1739 de
1158 1684 1349 1740 Salute-Croti
1377 1684 1424 1739 leo

329 1778 347 1832 2
368 1778 469 1833 setiers
483 1778 518 1832 do
541 1785 682 1844 mouture,
704 1794 816 1833 mesure
838 1778 872 1831 de
887 1778 913 1832 ln
933 1779 1074 1848 (tuende,
1088 1780 1172 1851 qn’its
1183 1780 1296 1833 doivent
1310 1780 1425 1851 otioque

331 1874 422 1929 nunde
434 1875 449 1928 d
466 1875 491 1928 ta
503 1873 661 1929 l'oussaiut.

567 2020 663 2091 (Gopie
673 2031 723 2074 xv⁰
735 2020 830 2074 siecle.
843 2020 926 2075 decli.
943 2020 981 2074 du
996 2018 1092 2075 Loiret
1105 2020 1150 2086 (l.)

339 2251 372 2319 lu
395 2248 524 2319 nornine
544 2247 645 2318 Putris
666 2263 698 2317 et
719 2247 786 2317 l'rtii
801 2262 832 2318 et
844 2246 980 2338 Spiritus
994 2246 1115 2333 Serreti,
1131 2252 1242 2319 lmen.
1258 2245 1420 2321 liniversis

294 2377 461 2453 presentes
482 2364 605 2433 litteras
620 2360 814 2452 inspecturis
834 2360 979 2432 ottreintis
1003 2360 1208 2433 Nireruensis
1227 2367 1363 2434 sulutem
1385 2362 1419 2433 iu

293 2478 442 2547 Domino.
461 2480 572 2545 Notum
592 2476 726 2546 lusimus
750 2478 834 2566 rprod
861 2499 934 2546 cerm
956 2492 1148 2567 proponeret
1168 2476 1198 2547 in
1219 2499 1416 2567 pureoorrm

294 2589 387 2658 notris
419 2602 604 2679 procurator
632 2588 859 2658 venerabilium
889 2588 1026 2658 uirorum
1065 2590 1177 2659 rleenni
1217 2606 1249 2661 et
1283 2590 1417 2681 capituli

294 2700 582 2783 terdonensium,
609 2701 738 2771 nomine
772 2701 986 2791 procuratoris
1014 2701 1157 2791 ipsorum
1188 2716 1219 2772 et
1249 2726 1306 2794 pro
1335 2700 1418 2793 ipsis

292 2830 394 2896 neten,
416 2828 524 2884 eontra
543 2814 663 2883 nlietruu
692 2814 808 2883 l'uelrin
842 2830 870 2883 et
899 2815 1019 2883 diotrun
1048 2821 1141 2897 lton,
1159 2818 1230 2905 ejus
1253 2831 1417 2907 nepotem,

294 2951 367 2997 reos
382 2931 481 3018 «prod,
497 2950 569 2998 cunr
591 2928 666 2996 dieti
684 2930 826 2996 «leoninus
853 2940 885 2996 et
899 2929 1073 3018 capitulum
1091 2926 1221 2997 nomine
1239 2952 1303 3018 ipro
1322 2952 1420 3021 supro

295 3043 432 3110 luissent
453 3058 483 3111 ot
497 3056 606 3110 essent
627 3043 660 3109 iu
683 3040 889 3131 possessione
906 3040 1101 3131 percipiendi
1118 3055 1150 3109 et
1165 3040 1303 3112 lrnlrendi
1323 3020 1418 3113 aunis

294 3154 429 3245 siugulis
450 3178 548 3247 super
568 3154 787 3224 molendinum
814 3158 853 3223 de
881 3158 1016 3245 l'ruyunt
1036 3179 1053 3224 a
1075 3159 1320 3246 possessoribus
1339 3156 1418 3235 dieti

295 3268 469 3337 molendini
491 3283 521 3338 et
541 3271 580 3336 nb
599 3268 721 3337 eisdem
742 3271 823 3336 ‹trros
839 3266 994 3337 sextarios
1012 3280 1155 3337 nrosture
1174 3272 1213 3337 ad
1234 3290 1418 3339 nreusurum

295 3385 334 3450 de
363 3383 496 3451 Guerein
528 3381 610 3451 reiron
637 3384 750 3450 testum
784 3380 935 3450 tlrnuinm
957 3384 1159 3455 Suuotorum.
1188 3380 1263 3451 dieti
1284 3381 1341 3469 rei,
1364 3380 1419 3473 qui

295 3495 417 3566 dietum
434 3496 652 3566 molendinum
673 3509 782 3565 tenent
797 3510 827 3565 et
849 3494 1028 3586 possident,
1057 3510 1228 3568 tenuerunt
1247 3510 1279 3567 et
1309 3520 1420 3589 posse-

296 3612 411 3683 derunt
452 3632 537 3681 auno
587 3608 796 3701 nonogesimo
835 3624 938 3693 serto,
978 3608 1010 3679 iu
1053 3608 1223 3681 solucione
1260 3609 1418 3683 dictorum

296 3730 432 3797 duorum
459 3727 667 3796 sertoriorurn
689 3738 831 3795 ruostnre
856 3727 1041 3795 deiecerunt
1060 3739 1093 3795 et
1119 3727 1244 3798 solvere
1263 3727 1420 3797 contrudi·

293 3856 383 3924 onnt‚
402 3842 474 3912 ticet
491 3863 589 3931 snper
608 3843 669 3909 hoe
690 3838 808 3930 pluries
827 3838 945 3909 luerint
965 3838 1123 3929 requisiti,
1138 3863 1176 3911 no
1195 3840 1269 3912 ideo
1298 3856 1420 3934 proteret

294 3954 400 4025 dietus
414 3968 612 4045 procurator,
631 3950 760 4022 nornine
777 3976 840 4042 ipro
861 3974 968 4043 snpra,
989 3950 1116 4023 odietis
1135 3952 1199 4023 reis
1218 3951 1322 4025 dictos
1337 3956 1420 4025 diros

294 4070 449 4140 sertorios
471 4080 626 4149 mosture,
652 4067 683 4136 in
707 4090 842 4155 quorum
860 4067 1026 4137 solucione
1050 4069 1235 4138 deluserunt
1256 4091 1313 4159 pro
1331 4068 1419 4141 dieto

292 4207 377 4254 nurro
398 4183 608 4272 nonagesimo
626 4194 727 4265 serto,
745 4182 783 4275 nd
794 4178 1036 4251 estirnoeiouern
1049 4194 1185 4271 quotuor
1195 4180 1344 4253 lituorum
1356 4180 1418 4255 sini

292 4296 380 4367 reddi
401 4312 432 4367 er
453 4295 547 4378 sotei,
565 4298 597 4365 in
613 4294 787 4385 predictum
810 4298 1052 4385 possessiouem
1072 4296 1182 4367 reduci
1195 4312 1226 4367 et
1243 4295 1331 4389 ipsos
1344 4320 1418 4371 reor

289 4410 349 4481 silei
370 4414 408 4480 nrl
433 4416 493 4479 line
515 4433 531 4478 a
553 4408 646 4477 uoltis
671 4406 904 4478 sententialiter
929 4411 1160 4500 cornlempunri
1183 4424 1214 4481 et
1243 4414 1418 4503 eonrlemp·

289 4541 381 4595 nutns
397 4522 558 4613 compelli,
574 4536 604 4591 et
621 4546 718 4612 super
733 4520 898 4611 premissis
911 4522 972 4591 silri
984 4522 1147 4611 justicium
1160 4524 1314 4607 erlrilieri,
1329 4528 1419 4595 saluo

287 4636 445 4727 struppis
462 4636 631 4717 beneficio,
646 4651 739 4705 ete...
762 4636 817 4704 lite
838 4658 912 4703 rero
929 4658 1026 4727 super
1039 4636 1101 4705 liiis
1114 4636 1269 4725 legittime
1288 4652 1418 4709 courteo-
