3420 5490
762 708 941 771 -eto-

289 852 354 911 tem
373 836 520 930 pagiuam
540 834 635 928 sigitti
657 833 756 905 nostri
777 831 966 903 auctoritate
981 843 1014 901 et
1030 828 1108 921 regii
1135 829 1276 902 nominis
1305 854 1415 903 carac-

289 966 357 1025 tere
377 950 509 1023 interius
528 962 681 1022 annotato
703 947 906 1038 precepimus
931 942 1127 1016 confirmari.
1156 943 1298 1037 [ictum]
1329 946 1415 1037 apud

290 1068 429 1136 Mentem
449 1062 536 1155 Argi,
555 1084 642 1133 aeno
666 1064 706 1131 air
731 1060 953 1130 incarnatione
978 1056 1106 1127 Domini
1136 1061 1175 1126 tt⁰
1205 1059 1269 1126 CC⁰
1295 1056 1414 1148 primo,

290 1175 380 1264 regni
400 1198 474 1245 vero
503 1176 603 1244 nostri
624 1175 731 1242 xxtto.
758 1169 942 1239 Astnutitrus
947 1220 1014 1238 .....
1037 1171 1109 1259 (sie)
1134 1170 1414 1257 (Menopranturc).

290 1290 370 1355 Data
390 1298 522 1355 vacante
537 1282 740 1354 cancellaria.

786 1662 932 1723 cxxvttt

707 1935 995 2019 septembrottot

291 2190 416 2263 linguas,
432 2192 537 2264 ireque
563 2189 721 2261 d'0rleans,
741 2190 835 2246 donne
860 2192 876 2246 a
900 2190 1096 2247 Sainte-Croix
1122 2192 1163 2247 ies
1185 2193 1310 2249 maisons
1333 2199 1361 2250 et
1389 2194 1417 2249 ie

326 2304 424 2359 reaper
444 2288 512 2361 qu’ii
528 2286 695 2344 sachetesa
712 2287 806 2342 eludes
818 2286 867 2342 des
883 2287 1005 2353 itoctres,
1020 2287 1196 2345 acerrdition
1214 2289 1299 2363 qu'tis
1318 2296 1417 2347 urent

324 2383 424 2439 bailies
437 2383 453 2437 i
467 2400 513 2439 sss
527 2399 634 2439 nereus
649 2398 722 2455 pour
733 2398 789 2437 une
804 2382 923 2454 pension
938 2381 973 2437 tie
985 2382 1021 2437 Ἄ)
1032 2400 1111 2454 sous,
1128 2385 1245 2465 papable
1257 2384 1416 2444 seuiemerrt

324 2478 407 2550 apres
420 2495 452 2534 sa
466 2484 551 2534 mort.

371 2622 458 2693 (Or-ig.
474 2638 497 2677 s.
511 2622 604 2695 parcit.
620 2621 704 2677 Arois.
721 2620 758 2676 du
773 2622 877 2691 Loiret‚
891 2622 925 2678 G.
937 2621 1008 2693 26&
1023 2622 1149 2680 mention
1163 2624 1336 2697 Scriptum).

334 2860 515 2934 innomine
542 2874 653 2933 sancte
670 2872 703 2933 et
722 2863 887 2933 individue
915 2860 1090 2945 Trinitatis,
1112 2863 1215 2953 lingo,
1236 2859 1294 2933 Dei
1312 2858 1413 2953 gratia

289 2975 527 3049 Aurelianensis
547 2973 732 3067 episeopus,
763 2974 914 3046 omnibus
942 2974 974 3045 in
1006 2990 1209 3067 perpetuum.
1243 2980 1265 3046 t
1296 2976 1412 3066 cogui-

290 3094 379 3163 tioue
399 3088 598 3181 presentium
620 3092 768 3160 voiurnus
792 3093 831 3160 ari
855 3088 999 3160 notitiarn
1027 3091 1194 3182 peruenire
1213 3092 1414 3181 singulorum

289 3206 374 3297 quod
392 3226 447 3274 eas
467 3205 582 3273 donnes
597 3225 677 3292 quas
697 3206 737 3272 ab
757 3205 871 3273 Orione
890 3204 930 3273 rie
946 3200 1089 3293 itupibus
1103 3201 1241 3273 eruimus
1254 3225 1329 3273 eum
1350 3202 1416 3274 rir-

290 3321 378 3411 guito
397 3330 430 3389 et
450 3314 643 3408 appenditiis
655 3314 795 3407 capituto
815 3314 1033 3387 Aurelianensi
1054 3313 1290 3387 concessimus.
1308 3319 1416 3409 ipsum

292 3453 420 3521 quoque
450 3428 624 3520 capitutum
656 3428 837 3499 karissimis
868 3428 1040 3521 nepotibus
1064 3426 1184 3500 uostris
1214 3433 1358 3501 Honeste
1382 3441 1416 3500 et

294 3543 416 3636 liugoui
435 3542 585 3615 iratribus
609 3544 725 3613 domos
743 3557 776 3614 et
795 3542 977 3635 appenditia
993 3565 1067 3613 eum
1088 3545 1226 3633 virgulto
1245 3545 1284 3613 ad
1300 3564 1417 3636 preces

296 3671 423 3731 nostras
442 3657 579 3749 benigue
594 3656 758 3728 concessit
784 3660 846 3728 sub
869 3679 974 3728 annua
992 3656 1147 3750 pensione
1167 3660 1218 3727 XX
1238 3656 1416 3729 sotirioruru

294 3796 311 3844 a
333 3771 484 3866 predictis
498 3776 642 3843 Nanasse
661 3785 693 3843 et
709 3774 841 3863 tiugone
857 3786 930 3864 post
949 3774 1120 3844 decessum
1133 3785 1280 3843 uestrum
1293 3794 1416 3845 anoua-

294 3888 350 3960 tiur
365 3887 505 3982 eapitnio
524 3889 763 3959 sotrerniorum.
783 3888 845 3979 ipsi
864 3900 970 3960 tanuen
991 3884 1143 3980 ‹puamtiiu
1164 3910 1225 3960 uos
1244 3883 1417 3963 viterimus

295 4005 483 4096 pensionem
510 4001 595 4073 ittam
616 4006 739 4075 solvere
768 4026 832 4073 nou
854 4005 1062 4075 tenebuntur.
1084 4006 1178 4089 ouon
1199 4016 1232 4075 ut
1262 4016 1416 4099 perpetua

290 4118 464 4191 stabilitate
485 4130 680 4211 perseueret,
701 4139 836 4210 presens
855 4118 1010 4209 scripturn
1031 4117 1132 4189 nostri
1152 4118 1290 4189 iccirnus
1316 4116 1417 4211 sigitti

289 4231 468 4304 munimine
488 4230 644 4303 roborari.
662 4236 870 4303 ictumauno
891 4233 993 4322 gratie
1012 4235 1037 4301 tt
1059 4230 1283 4303 tnccutcsinm
1298 4230 1416 4323 peno,

288 4367 400 4418 meuse
419 4344 608 4437 septembri.
1289 4368 1293 4375 ·
