3420 5490
669 578 709 591 ..
730 545 768 608 57
795 578 828 590 ..

187 676 308 746 nostris
338 670 560 744 auctoritatem
592 668 793 741 inmunitatis
827 669 935 741 domni
965 683 996 740 et
1029 667 1185 759 genitoris
1207 670 1309 741 nostri

188 790 280 858 bonae
298 783 461 856 memoriae
482 781 584 853 Caroli
606 780 741 872 piissimi
766 781 907 871 augusti,
927 781 958 850 in
983 794 1131 871 quaerat
1152 778 1308 851 insertum

186 902 270 990 quood
287 899 372 969 idem
389 895 514 985 penitor
535 911 644 967 noster
665 909 697 966 et
714 899 972 986 prodecessores
994 897 1078 987 ejus,
1109 917 1202 986 reges
1222 892 1310 967 vide·

187 1012 261 1084 lieet
282 1015 485 1091 Francorum,
508 1006 677 1081 ecclesiam
694 1011 820 1079 Sanetce
848 1007 972 1089 Crucis,
1006 1006 1057 1080 cui
1083 1022 1214 1081 auctore
1241 1012 1310 1079 Deo

187 1127 256 1219 ipse
275 1126 472 1197 Tbeodullus
491 1116 640 1215 prelatus
664 1136 728 1205 est,
760 1124 820 1192 sub
842 1145 902 1193 suo
930 1120 1108 1193 munimine
1136 1136 1168 1193 ct
1187 1125 1309 1193 delien-

186 1238 278 1310 sione
295 1237 474 1309 consistere
495 1234 657 1321 lecisseut,
680 1248 842 1306 eteorum
863 1231 1089 1305 inmunitatum
1109 1233 1311 1306 auctoritati·

188 1355 247 1422 bus
266 1354 424 1422 lractenus
443 1349 483 1419 ab
495 1345 716 1439 inquietudine
730 1345 909 1437 judiciarie}
930 1345 1098 1438 potestatis
1112 1348 1224 1418 eadem
1241 1371 1310 1418 mu·

188 1465 252 1536 nita
271 1481 367 1557 atque
388 1466 519 1535 deleosa
539 1460 652 1533 luisset
672 1461 822 1533 ecetesia.
846 1465 894 1531 bb
926 1462 972 1532 rei
994 1476 1100 1534 tamen
1128 1461 1309 1535 firmitatem

187 1583 360 1675 postularit
392 1579 486 1649 nobis
509 1576 592 1647 idem
623 1577 821 1646 Tbeodullus
853 1573 1026 1667 episcopus
1063 1589 1109 1658 nt,
1143 1591 1311 1670 paternum

187 1718 308 1768 morem
329 1705 517 1784 sequentes,
539 1703 657 1761 nostrae
678 1687 879 1759 inmunitatis
896 1704 1090 1780 praeceptum
1113 1690 1219 1763 eidem
1244 1690 1311 1763 lieri

187 1830 397 1882 censeremus
421 1803 581 1877 ecclesio.
615 1806 712 1894 Cujus
743 1798 887 1894 petitioni
913 1801 1049 1875 libenter
1074 1803 1258 1890 adnuimus,
1280 1817 1313 1876 et

189 1927 248 1995 lroc
269 1934 389 1992 uostrte
403 1917 603 1990 inmunitatis
624 1932 818 2008 praeceptum
841 1940 897 2008 pro
912 1915 1011 1987 diuini
1031 1920 1137 1989 cultus
1152 1942 1261 1991 amore
1279 1933 1313 1990 et

189 2040 306 2108 animae
324 2048 442 2106 nostrae
457 2030 598 2104 remedio
618 2054 692 2121 erga
719 2030 820 2122 ipsam
845 2036 994 2103 Sanctam
1013 2035 1128 2103 Sedem
1161 2030 1228 2103 beri
1259 2033 1313 2103 de·

189 2150 347 2223 crevimus
363 2173 371 2217 :
388 2170 443 2238 per
458 2143 761 2235 rprtodjprmcipimus
776 2159 871 2235 atque
882 2147 1035 2236 jubemus
1052 2159 1086 2215 ut
1099 2148 1313 2236 nulluajuder

191 2261 351 2355 publicus,
372 2262 420 2330 vel
441 2257 574 2349 quilibet
600 2281 637 2327 ex
665 2255 833 2347 judiciaria
858 2272 1030 2348 potestate,
1058 2274 1113 2329 aut
1145 2261 1251 2330 nullus
1275 2282 1313 2330 ex

190 2375 337 2446 bilelibus
358 2372 476 2444 nostris
497 2387 559 2441 tam
589 2369 801 2461 praesentibus
821 2395 915 2462 quam
936 2386 968 2443 et
1000 2375 1127 2456 luturis,
1158 2371 1189 2443 in
1209 2376 1313 2445 eccle-

191 2490 254 2562 sias
271 2503 326 2559 aut
343 2491 410 2560 loca
426 2490 472 2559 vel
489 2510 583 2578 agros
594 2510 651 2557 scu
666 2486 805 2577 reliquas
819 2486 1045 2577 possessiones
1061 2513 1142 2579 quas
1159 2491 1315 2561 moderno

192 2603 385 2694 temporein
420 2600 616 2692 ‹prribuslibet
655 2599 745 2691 pagis
766 2603 814 2671 ael
849 2599 1018 2672 territoriis
1051 2600 1129 2672 inira
1161 2601 1315 2674 ditionem

191 2715 314 2809 imperii
330 2715 430 2786 nostri
448 2717 536 2806 juste
551 2729 583 2785 et
603 2713 747 2805 legaiiter
767 2727 942 2786 memorata
975 2728 1063 2787 tenet
1094 2718 1141 2786 nel
1173 2715 1318 2807 possidet

190 2829 341 2914 ccclesia,
365 2852 424 2901 nec
444 2829 475 2898 in
488 2852 544 2900 eas
563 2852 616 2900 res
636 2852 708 2919 quae
724 2827 907 2920 deincepsa
931 2828 1098 2901 catholicis
1124 2830 1197 2901 viris
1212 2829 1316 2903 eidem

193 2948 329 3019 eonlatae
344 2945 459 3017 luerint
480 2943 641 3028 ecciesiae,
658 2947 697 3014 ad
719 2968 834 3016 causas
865 2944 1054 3031 audientias,
1089 2949 1136 3017 ve!
1157 2949 1244 3018 freda
1264 2959 1319 3018 aut

192 3059 306 3131 tributa
326 3058 494 3150 exigenda,
514 3071 568 3129 aut
599 3061 785 3131 mansiones
819 3062 867 3130 uel
900 3074 1025 3152 paratas
1056 3058 1232 3142 iaciendas,
1264 3074 1319 3133 aut

194 3178 400 3268 fidejussores
417 3178 590 3259 tollendos,
609 3189 663 3247 aut
684 3175 833 3248 homines
848 3175 950 3268 ipsius
973 3177 1122 3248 ecciesiae
1143 3190 1206 3249 tam
1225 3177 1318 3269 inge-

194 3313 382 3380 nuospuam
403 3312 513 3361 servos
534 3304 768 3381 superterram
800 3288 900 3381 ipsius
931 3305 1174 3362 commanentes
1206 3290 1318 3362 ditrin·

194 3407 331 3494 gendos,
353 3427 412 3475 nec
433 3407 514 3474 ullas
533 3402 744 3474 redibitiones
763 3418 817 3474 aut
833 3402 973 3475 inlicitas
997 3405 1188 3476 occasiones
1212 3404 1319 3496 requi·

197 3520 327 3597 rendas,
349 3515 467 3587 nostris
487 3529 519 3586 et
534 3516 648 3587 luturis
673 3515 872 3606 temporibus
892 3515 1015 3607 ingredi
1036 3519 1166 3601 audeat,
1197 3541 1257 3589 nec
1282 3541 1318 3589 ea

195 3653 266 3720 quae
297 3652 393 3719 supra
423 3642 596 3699 memorata
620 3641 696 3698 sunt
733 3627 862 3719 exigere
887 3629 1016 3720 penitus
1041 3643 1225 3721 praesumat.
1257 3632 1319 3703 Scd

196 3743 288 3814 liceat
319 3746 448 3833 praelato
481 3741 608 3831 praesuli
645 3743 777 3831 suisque
810 3745 1057 3815 successoribus
1084 3768 1136 3815 res
1160 3743 1320 3836 praedictae

196 3855 354 3937 ecciesiae,
377 3878 451 3926 cum
471 3853 595 3926 cellulis
615 3854 676 3926 sibi
695 3855 862 3946 subiectis,
891 3871 923 3927 et
945 3860 1042 3929 rebus
1062 3861 1110 3931 uel
1134 3859 1321 3932 bominibus

198 3973 233 4041 ad
254 3993 290 4043 sc
328 3967 560 4062 aspicientibus
594 3972 642 4041 vel
670 3969 921 4061 pertinentibus,
957 3976 1017 4045 sub
1051 3973 1196 4047 tuitionis
1224 3989 1320 4069 atquo

200 4083 397 4156 inmunitatis
418 4099 537 4156 nostrae
556 4084 770 4170 dellensione,
786 4100 908 4157 remota
940 4086 1038 4158 totius
1064 4086 1242 4178 judiciarie
1266 4115 1321 4181 po·

201 4201 327 4270 testatis
345 4197 581 4288 inquietudine,
613 4197 722 4288 quieto
749 4222 786 4268 ae
810 4198 911 4271 libero
933 4202 1047 4272 ordine
1080 4202 1261 4293 possidere,
1289 4218 1322 4276 et

200 4327 308 4383 nostro
329 4312 463 4384 fideliter
480 4334 589 4405 parere
604 4311 751 4404 imperio,
768 4325 864 4405 atque
884 4337 942 4406 pro
958 4313 1177 4387 incolumitate
1197 4329 1319 4402 nostra,

202 4425 359 4518 conjugis,
379 4450 417 4499 ac
437 4426 547 4519 prolis,
569 4451 627 4499 seu
661 4426 756 4498 etiam
785 4426 883 4499 totius
915 4427 1039 4522 imperii
1075 4454 1092 4502 a
1125 4435 1194 4503 lico
1228 4431 1322 4505 uobis

201 4541 315 4615 conlati
335 4545 468 4635 ejusque
484 4542 738 4616 clementissima
752 4544 957 4618 miseratione
977 4570 1033 4638 per
1043 4545 1226 4620 inmensum
1247 4571 1323 4621 con·
