<?xml version="1.0" encoding="UTF-8"?>
<!DOCTYPE html PUBLIC "-//W3C//DTD XHTML 1.0 Transitional//EN"
    "http://www.w3.org/TR/xhtml1/DTD/xhtml1-transitional.dtd">
<html xmlns="http://www.w3.org/1999/xhtml" xml:lang="en" lang="en">
 <head>
  <title>
</title>
<meta http-equiv="Content-Type" content="text/html;charset=utf-8" />
  <meta name='ocr-system' content='tesseract 3.04.00' />
  <meta name='ocr-capabilities' content='ocr_page ocr_carea ocr_par ocr_line ocrx_word'/>
</head>
<body>
  <div class='ocr_page' id='page_1' title='image "./cartulairedesai00jarrgoog_0174.png"; bbox 0 0 3420 5490; ppageno 0'>
   <div class='ocr_carea' id='block_1_1' title="bbox 771 745 928 808">
    <p class='ocr_par' dir='ltr' id='par_1_1' title="bbox 771 745 928 808">
     <span class='ocr_line' id='line_1_1' title="bbox 771 745 928 808; baseline -0.019 -13"><span class='ocrx_word' id='word_1_1' title='bbox 771 745 928 808; x_wconf 73' lang='grc'>..46-</span> 
     </span>
    </p>
   </div>
   <div class='ocr_carea' id='block_1_2' title="bbox 288 868 1419 4031">
    <p class='ocr_par' dir='ltr' id='par_1_2' title="bbox 288 868 1419 4031">
     <span class='ocr_line' id='line_1_2' title="bbox 291 868 1411 964; baseline -0.004 -21"><span class='ocrx_word' id='word_1_2' title='bbox 291 885 409 945; x_wconf 82' lang='lat' dir='ltr'>rectam</span> <span class='ocrx_word' id='word_1_3' title='bbox 437 875 476 944; x_wconf 87' lang='lat' dir='ltr'>ad</span> <span class='ocrx_word' id='word_1_4' title='bbox 510 895 569 942; x_wconf 91' lang='lat' dir='ltr'>uns</span> <span class='ocrx_word' id='word_1_5' title='bbox 600 894 698 964; x_wconf 92' lang='lat' dir='ltr'>super</span> <span class='ocrx_word' id='word_1_6' title='bbox 725 874 785 942; x_wconf 91' lang='lat' dir='ltr'>bac</span> <span class='ocrx_word' id='word_1_7' title='bbox 808 893 842 942; x_wconf 91' lang='lat' dir='ltr'>re</span> <span class='ocrx_word' id='word_1_8' title='bbox 874 868 1043 962; x_wconf 88' lang='lat' dir='ltr'>epistolam</span> <span class='ocrx_word' id='word_1_9' title='bbox 1068 869 1199 956; x_wconf 81' lang='lat' dir='ltr'>exorati,</span> <span class='ocrx_word' id='word_1_10' title='bbox 1223 869 1411 941; x_wconf 83' lang='lat' dir='ltr'>canonicam</span> 
     </span>
     <span class='ocr_line' id='line_1_3' title="bbox 290 983 1412 1078; baseline -0.001 -21"><span class='ocrx_word' id='word_1_11' title='bbox 290 1002 429 1059; x_wconf 86' lang='lat' dir='ltr'>vestram</span> <span class='ocrx_word' id='word_1_12' title='bbox 458 1008 532 1057; x_wconf 93' lang='lat' dir='ltr'>com</span> <span class='ocrx_word' id='word_1_13' title='bbox 556 985 708 1056; x_wconf 89' lang='lat' dir='ltr'>omnibus</span> <span class='ocrx_word' id='word_1_14' title='bbox 732 983 791 1055; x_wconf 89' lang='lat' dir='ltr'>sibi</span> <span class='ocrx_word' id='word_1_15' title='bbox 812 983 1049 1078; x_wconf 86' lang='lat' dir='ltr'>pcrtinentibus</span> <span class='ocrx_word' id='word_1_16' title='bbox 1069 984 1100 1054; x_wconf 91' lang='lat' dir='ltr'>iu</span> <span class='ocrx_word' id='word_1_17' title='bbox 1122 983 1279 1056; x_wconf 92' lang='lat' dir='ltr'>tuitioneo</span> <span class='ocrx_word' id='word_1_18' title='bbox 1307 989 1412 1077; x_wconf 90' lang='lat' dir='ltr'>llpos·</span> 
     </span>
     <span class='ocr_line' id='line_1_4' title="bbox 291 1094 1413 1191; baseline 0 -21"><span class='ocrx_word' id='word_1_19' title='bbox 291 1099 396 1172; x_wconf 84' lang='lat' dir='ltr'>tolieae</span> <span class='ocrx_word' id='word_1_20' title='bbox 416 1098 509 1171; x_wconf 85' lang='lat' dir='ltr'>Sedis</span> <span class='ocrx_word' id='word_1_21' title='bbox 528 1097 728 1191; x_wconf 86' lang='lat' dir='ltr'>accepimus,</span> <span class='ocrx_word' id='word_1_22' title='bbox 754 1094 984 1169; x_wconf 72' lang='lat' dir='ltr'>rationabiliter</span> <span class='ocrx_word' id='word_1_23' title='bbox 1002 1100 1230 1170; x_wconf 81' lang='lat' dir='ltr'>confirmantes</span> <span class='ocrx_word' id='word_1_24' title='bbox 1248 1114 1281 1169; x_wconf 89' lang='lat' dir='ltr'>et</span> <span class='ocrx_word' id='word_1_25' title='bbox 1306 1120 1413 1170; x_wconf 78' lang='lat' dir='ltr'>corre</span> 
     </span>
     <span class='ocr_line' id='line_1_5' title="bbox 292 1209 1411 1303; baseline -0.001 -21"><span class='ocrx_word' id='word_1_26' title='bbox 292 1217 443 1285; x_wconf 90' lang='lat' dir='ltr'>borantes</span> <span class='ocrx_word' id='word_1_27' title='bbox 463 1227 498 1283; x_wconf 92' lang='lat' dir='ltr'>nt</span> <span class='ocrx_word' id='word_1_28' title='bbox 516 1235 552 1283; x_wconf 84' lang='lat' dir='ltr'>ea</span> <span class='ocrx_word' id='word_1_29' title='bbox 572 1236 644 1303; x_wconf 81' lang='lat' dir='ltr'>quau</span> <span class='ocrx_word' id='word_1_30' title='bbox 659 1234 754 1303; x_wconf 88' lang='lat' dir='ltr'>snpra</span> <span class='ocrx_word' id='word_1_31' title='bbox 775 1224 973 1282; x_wconf 88' lang='lat' dir='ltr'>memoratus</span> <span class='ocrx_word' id='word_1_32' title='bbox 992 1210 1165 1302; x_wconf 88' lang='lat' dir='ltr'>episcopus</span> <span class='ocrx_word' id='word_1_33' title='bbox 1179 1225 1284 1282; x_wconf 85' lang='lat' dir='ltr'>tester</span> <span class='ocrx_word' id='word_1_34' title='bbox 1296 1209 1411 1283; x_wconf 84' lang='lat' dir='ltr'>vestris</span> 
     </span>
     <span class='ocr_line' id='line_1_6' title="bbox 294 1322 1413 1418; baseline -0.003 -22"><span class='ocrx_word' id='word_1_35' title='bbox 294 1323 502 1418; x_wconf 71' lang='lat' dir='ltr'>petitionibus</span> <span class='ocrx_word' id='word_1_36' title='bbox 519 1327 559 1395; x_wconf 91' lang='lat' dir='ltr'>de</span> <span class='ocrx_word' id='word_1_37' title='bbox 585 1323 677 1394; x_wconf 87' lang='lat' dir='ltr'>bouis</span> <span class='ocrx_word' id='word_1_38' title='bbox 697 1322 839 1394; x_wconf 79' lang='lat' dir='ltr'>donanim</span> <span class='ocrx_word' id='word_1_39' title='bbox 859 1325 867 1361; x_wconf 90' lang='lat'><strong>¹</strong></span> <span class='ocrx_word' id='word_1_40' title='bbox 887 1325 927 1393; x_wconf 93' lang='lat' dir='ltr'>ad</span> <span class='ocrx_word' id='word_1_41' title='bbox 947 1345 1153 1393; x_wconf 89' lang='lat' dir='ltr'>communem</span> <span class='ocrx_word' id='word_1_42' title='bbox 1168 1346 1261 1394; x_wconf 85' lang='lat' dir='ltr'>neom</span> <span class='ocrx_word' id='word_1_43' title='bbox 1280 1325 1413 1394; x_wconf 88' lang='lat' dir='ltr'>lratrum</span> 
     </span>
     <span class='ocr_line' id='line_1_7' title="bbox 292 1435 1414 1529; baseline 0 -21"><span class='ocrx_word' id='word_1_44' title='bbox 292 1438 405 1508; x_wconf 91' lang='lat' dir='ltr'>anuuit</span> <span class='ocrx_word' id='word_1_45' title='bbox 419 1454 515 1529; x_wconf 87' lang='lat' dir='ltr'>atque</span> <span class='ocrx_word' id='word_1_46' title='bbox 534 1437 710 1520; x_wconf 78' lang='lat' dir='ltr'>concessit,</span> <span class='ocrx_word' id='word_1_47' title='bbox 725 1451 791 1507; x_wconf 82' lang='lat' dir='ltr'>reta</span> <span class='ocrx_word' id='word_1_48' title='bbox 811 1450 844 1507; x_wconf 92' lang='lat' dir='ltr'>et</span> <span class='ocrx_word' id='word_1_49' title='bbox 863 1435 1079 1507; x_wconf 79' lang='lat' dir='ltr'>indissolubili</span> <span class='ocrx_word' id='word_1_50' title='bbox 1097 1459 1225 1529; x_wconf 86' lang='lat' dir='ltr'>semper</span> <span class='ocrx_word' id='word_1_51' title='bbox 1240 1435 1414 1508; x_wconf 74' lang='lat' dir='ltr'>stabilitate</span> 
     </span>
     <span class='ocr_line' id='line_1_8' title="bbox 290 1550 1415 1645; baseline -0.002 -21"><span class='ocrx_word' id='word_1_52' title='bbox 290 1567 509 1645; x_wconf 88' lang='lat' dir='ltr'>permaneant,</span> <span class='ocrx_word' id='word_1_53' title='bbox 543 1551 585 1622; x_wconf 94' lang='lat' dir='ltr'>ita</span> <span class='ocrx_word' id='word_1_54' title='bbox 619 1564 652 1622; x_wconf 94' lang='lat' dir='ltr'>ot</span> <span class='ocrx_word' id='word_1_55' title='bbox 691 1574 786 1622; x_wconf 83' lang='lat' dir='ltr'>uerno</span> <span class='ocrx_word' id='word_1_56' title='bbox 818 1575 956 1642; x_wconf 86' lang='lat' dir='ltr'>unquam</span> <span class='ocrx_word' id='word_1_57' title='bbox 986 1565 1041 1622; x_wconf 90' lang='lat' dir='ltr'>aut</span> <span class='ocrx_word' id='word_1_58' title='bbox 1074 1550 1149 1622; x_wconf 92' lang='lat' dir='ltr'>inde</span> <span class='ocrx_word' id='word_1_59' title='bbox 1177 1553 1329 1634; x_wconf 85' lang='lat' dir='ltr'>avellere,</span> <span class='ocrx_word' id='word_1_60' title='bbox 1358 1565 1415 1622; x_wconf 97' lang='grc' dir='ltr'>θυι</span> 
     </span>
     <span class='ocr_line' id='line_1_9' title="bbox 288 1663 1414 1757; baseline -0.001 -19"><span class='ocrx_word' id='word_1_61' title='bbox 288 1681 400 1738; x_wconf 93' lang='lat' dir='ltr'>contra</span> <span class='ocrx_word' id='word_1_62' title='bbox 415 1669 611 1737; x_wconf 84' lang='lat' dir='ltr'>voluntatem</span> <span class='ocrx_word' id='word_1_63' title='bbox 632 1669 762 1736; x_wconf 78' lang='lat' dir='ltr'>fratrom</span> <span class='ocrx_word' id='word_1_64' title='bbox 787 1664 856 1737; x_wconf 90' lang='lat' dir='ltr'>suis</span> <span class='ocrx_word' id='word_1_65' title='bbox 877 1664 990 1736; x_wconf 89' lang='lat' dir='ltr'>usibus</span> <span class='ocrx_word' id='word_1_66' title='bbox 1010 1663 1206 1757; x_wconf 86' lang='lat' dir='ltr'>mancipare,</span> <span class='ocrx_word' id='word_1_67' title='bbox 1233 1679 1288 1736; x_wconf 89' lang='lat' dir='ltr'>aut</span> <span class='ocrx_word' id='word_1_68' title='bbox 1309 1663 1341 1735; x_wconf 90' lang='lat' dir='ltr'>iu</span> <span class='ocrx_word' id='word_1_69' title='bbox 1362 1663 1414 1737; x_wconf 86' lang='lat' dir='ltr'>bit</span> 
     </span>
     <span class='ocr_line' id='line_1_10' title="bbox 288 1779 1409 1873; baseline -0.002 -21"><span class='ocrx_word' id='word_1_70' title='bbox 288 1803 345 1852; x_wconf 87' lang='lat' dir='ltr'>seo</span> <span class='ocrx_word' id='word_1_71' title='bbox 366 1779 398 1850; x_wconf 91' lang='lat' dir='ltr'>iu</span> <span class='ocrx_word' id='word_1_72' title='bbox 411 1779 571 1873; x_wconf 86' lang='lat' dir='ltr'>aliquibus</span> <span class='ocrx_word' id='word_1_73' title='bbox 591 1783 687 1852; x_wconf 90' lang='lat' dir='ltr'>rebus</span> <span class='ocrx_word' id='word_1_74' title='bbox 708 1782 808 1852; x_wconf 89' lang='lat' dir='ltr'>malas</span> <span class='ocrx_word' id='word_1_75' title='bbox 827 1779 1080 1852; x_wconf 91' lang='lat' dir='ltr'>eonsuetudines</span> <span class='ocrx_word' id='word_1_76' title='bbox 1109 1801 1271 1863; x_wconf 83' lang='lat' dir='ltr'>revocare,</span> <span class='ocrx_word' id='word_1_77' title='bbox 1295 1781 1342 1851; x_wconf 86' lang='lat' dir='ltr'>rel</span> <span class='ocrx_word' id='word_1_78' title='bbox 1369 1782 1409 1850; x_wconf 91' lang='lat' dir='ltr'>ad</span> 
     </span>
     <span class='ocr_line' id='line_1_11' title="bbox 289 1892 1414 1985; baseline 0 -20"><span class='ocrx_word' id='word_1_79' title='bbox 289 1895 516 1966; x_wconf 78' lang='lat' dir='ltr'>detrimentum</span> <span class='ocrx_word' id='word_1_80' title='bbox 549 1897 680 1965; x_wconf 90' lang='lat' dir='ltr'>lratrom</span> <span class='ocrx_word' id='word_1_81' title='bbox 710 1896 742 1964; x_wconf 90' lang='lat' dir='ltr'>in</span> <span class='ocrx_word' id='word_1_82' title='bbox 775 1897 902 1985; x_wconf 75' lang='lat' dir='ltr'>praelata</span> <span class='ocrx_word' id='word_1_83' title='bbox 931 1894 1085 1964; x_wconf 88' lang='lat' dir='ltr'>canoniea</span> <span class='ocrx_word' id='word_1_84' title='bbox 1117 1892 1236 1983; x_wconf 83' lang='lat' dir='ltr'>aliquid</span> <span class='ocrx_word' id='word_1_85' title='bbox 1258 1893 1414 1965; x_wconf 90' lang='lat' dir='ltr'>iuducere</span> 
     </span>
     <span class='ocr_line' id='line_1_12' title="bbox 289 2007 1415 2101; baseline 0.004 -25"><span class='ocrx_word' id='word_1_86' title='bbox 289 2012 451 2101; x_wconf 85' lang='lat' dir='ltr'>velpnave</span> <span class='ocrx_word' id='word_1_87' title='bbox 472 2007 575 2078; x_wconf 87' lang='lat' dir='ltr'>moliri</span> <span class='ocrx_word' id='word_1_88' title='bbox 602 2011 731 2079; x_wconf 87' lang='lat' dir='ltr'>audeat.</span> <span class='ocrx_word' id='word_1_89' title='bbox 765 2008 918 2079; x_wconf 76' lang='lat' dir='ltr'>Similiter</span> <span class='ocrx_word' id='word_1_90' title='bbox 954 2007 1050 2079; x_wconf 90' lang='lat' dir='ltr'>etiam</span> <span class='ocrx_word' id='word_1_91' title='bbox 1082 2010 1122 2079; x_wconf 92' lang='lat' dir='ltr'>de</span> <span class='ocrx_word' id='word_1_92' title='bbox 1152 2022 1261 2079; x_wconf 83' lang='lat' dir='ltr'>cetero</span> <span class='ocrx_word' id='word_1_93' title='bbox 1297 2031 1415 2080; x_wconf 90' lang='lat' dir='ltr'>couce-</span> 
     </span>
     <span class='ocr_line' id='line_1_13' title="bbox 292 2118 1416 2213; baseline 0.003 -23"><span class='ocrx_word' id='word_1_94' title='bbox 292 2121 400 2192; x_wconf 89' lang='lat' dir='ltr'>dimus</span> <span class='ocrx_word' id='word_1_95' title='bbox 433 2137 465 2192; x_wconf 89' lang='lat' dir='ltr'>ct</span> <span class='ocrx_word' id='word_1_96' title='bbox 484 2118 712 2197; x_wconf 80' lang='lat' dir='ltr'>dundemamus</span> <span class='ocrx_word' id='word_1_97' title='bbox 739 2119 844 2191; x_wconf 86' lang='lat' dir='ltr'>eidem</span> <span class='ocrx_word' id='word_1_98' title='bbox 877 2120 1043 2191; x_wconf 81' lang='lat' dir='ltr'>cartouicao</span> <span class='ocrx_word' id='word_1_99' title='bbox 1067 2134 1181 2191; x_wconf 79' lang='lat' dir='ltr'>vestrm</span> <span class='ocrx_word' id='word_1_100' title='bbox 1213 2143 1416 2213; x_wconf 69' lang='lat' dir='ltr'>quecunque</span> 
     </span>
     <span class='ocr_line' id='line_1_14' title="bbox 293 2231 1417 2324; baseline 0.001 -21"><span class='ocrx_word' id='word_1_101' title='bbox 293 2236 376 2304; x_wconf 89' lang='lat' dir='ltr'>bona</span> <span class='ocrx_word' id='word_1_102' title='bbox 393 2247 456 2304; x_wconf 91' lang='lat' dir='ltr'>tam</span> <span class='ocrx_word' id='word_1_103' title='bbox 480 2233 513 2302; x_wconf 92' lang='lat' dir='ltr'>in</span> <span class='ocrx_word' id='word_1_104' title='bbox 534 2235 630 2304; x_wconf 90' lang='lat' dir='ltr'>rebus</span> <span class='ocrx_word' id='word_1_105' title='bbox 651 2232 823 2305; x_wconf 89' lang='lat' dir='ltr'>mobilibus</span> <span class='ocrx_word' id='word_1_106' title='bbox 844 2254 940 2322; x_wconf 84' lang='lat' dir='ltr'>quam</span> <span class='ocrx_word' id='word_1_107' title='bbox 971 2231 1190 2304; x_wconf 90' lang='lat' dir='ltr'>immobilibus</span> <span class='ocrx_word' id='word_1_108' title='bbox 1221 2255 1308 2304; x_wconf 90' lang='lat' dir='ltr'>nuuc</span> <span class='ocrx_word' id='word_1_109' title='bbox 1329 2237 1417 2324; x_wconf 87' lang='lat' dir='ltr'>juste</span> 
     </span>
     <span class='ocr_line' id='line_1_15' title="bbox 293 2344 1416 2437; baseline 0.001 -21"><span class='ocrx_word' id='word_1_110' title='bbox 293 2350 390 2417; x_wconf 84' lang='lat' dir='ltr'>babet</span> <span class='ocrx_word' id='word_1_111' title='bbox 412 2345 510 2416; x_wconf 91' lang='lat' dir='ltr'>autin</span> <span class='ocrx_word' id='word_1_112' title='bbox 527 2359 706 2437; x_wconf 85' lang='lat' dir='ltr'>posterum,</span> <span class='ocrx_word' id='word_1_113' title='bbox 728 2350 794 2416; x_wconf 91' lang='lat' dir='ltr'>lleo</span> <span class='ocrx_word' id='word_1_114' title='bbox 814 2358 992 2429; x_wconf 85' lang='lat' dir='ltr'>annuento,</span> <span class='ocrx_word' id='word_1_115' title='bbox 1008 2344 1152 2417; x_wconf 83' lang='lat' dir='ltr'>habitura</span> <span class='ocrx_word' id='word_1_116' title='bbox 1168 2361 1241 2416; x_wconf 88' lang='lat' dir='ltr'>est:</span> <span class='ocrx_word' id='word_1_117' title='bbox 1265 2345 1416 2437; x_wconf 80' lang='lat' dir='ltr'>optatinus</span> 
     </span>
     <span class='ocr_line' id='line_1_16' title="bbox 289 2458 1414 2549; baseline 0.001 -20"><span class='ocrx_word' id='word_1_118' title='bbox 289 2463 330 2529; x_wconf 89' lang='lat' dir='ltr'>ab</span> <span class='ocrx_word' id='word_1_119' title='bbox 345 2460 432 2530; x_wconf 88' lang='lat' dir='ltr'>omni</span> <span class='ocrx_word' id='word_1_120' title='bbox 453 2462 592 2530; x_wconf 88' lang='lat' dir='ltr'>bumana</span> <span class='ocrx_word' id='word_1_121' title='bbox 612 2461 818 2529; x_wconf 82' lang='lat' dir='ltr'>intestatione</span> <span class='ocrx_word' id='word_1_122' title='bbox 838 2459 936 2530; x_wconf 87' lang='lat' dir='ltr'>libera</span> <span class='ocrx_word' id='word_1_123' title='bbox 955 2474 1052 2549; x_wconf 81' lang='lat' dir='ltr'>atque</span> <span class='ocrx_word' id='word_1_124' title='bbox 1072 2482 1199 2542; x_wconf 86' lang='lat' dir='ltr'>secura,</span> <span class='ocrx_word' id='word_1_125' title='bbox 1219 2481 1294 2529; x_wconf 84' lang='lat' dir='ltr'>cum</span> <span class='ocrx_word' id='word_1_126' title='bbox 1324 2458 1414 2530; x_wconf 87' lang='lat' dir='ltr'>omni</span> 
     </span>
     <span class='ocr_line' id='line_1_17' title="bbox 290 2571 1416 2662; baseline 0.004 -23"><span class='ocrx_word' id='word_1_127' title='bbox 290 2573 399 2661; x_wconf 87' lang='lat' dir='ltr'>quiete</span> <span class='ocrx_word' id='word_1_128' title='bbox 431 2593 468 2642; x_wconf 93' lang='lat' dir='ltr'>ea</span> <span class='ocrx_word' id='word_1_129' title='bbox 507 2584 613 2641; x_wconf 88' lang='lat' dir='ltr'>teneat</span> <span class='ocrx_word' id='word_1_130' title='bbox 645 2584 740 2661; x_wconf 84' lang='lat' dir='ltr'>atque</span> <span class='ocrx_word' id='word_1_131' title='bbox 770 2571 947 2662; x_wconf 85' lang='lat' dir='ltr'>possideat,</span> <span class='ocrx_word' id='word_1_132' title='bbox 981 2575 1066 2642; x_wconf 85' lang='lat' dir='ltr'>salva</span> <span class='ocrx_word' id='word_1_133' title='bbox 1102 2586 1207 2642; x_wconf 92' lang='lat' dir='ltr'>tamen</span> <span class='ocrx_word' id='word_1_134' title='bbox 1236 2573 1416 2644; x_wconf 82' lang='lat' dir='ltr'>reverentia</span> 
     </span>
     <span class='ocr_line' id='line_1_18' title="bbox 292 2682 1414 2775; baseline 0.002 -22"><span class='ocrx_word' id='word_1_135' title='bbox 292 2682 468 2774; x_wconf 75' lang='lat' dir='ltr'>praescripti</span> <span class='ocrx_word' id='word_1_136' title='bbox 499 2683 655 2775; x_wconf 84' lang='lat' dir='ltr'>episcopi.</span> <span class='ocrx_word' id='word_1_137' title='bbox 690 2688 727 2753; x_wconf 89' lang='lat' dir='ltr'>Ut</span> <span class='ocrx_word' id='word_1_138' title='bbox 747 2685 843 2774; x_wconf 83' lang='lat' dir='ltr'>igitur</span> <span class='ocrx_word' id='word_1_139' title='bbox 862 2688 931 2754; x_wconf 71' lang='lat' dir='ltr'>baec</span> <span class='ocrx_word' id='word_1_140' title='bbox 951 2707 1079 2775; x_wconf 89' lang='lat' dir='ltr'>semper</span> <span class='ocrx_word' id='word_1_141' title='bbox 1102 2684 1290 2754; x_wconf 82' lang='lat' dir='ltr'>inconuulsa</span> <span class='ocrx_word' id='word_1_142' title='bbox 1312 2685 1414 2756; x_wconf 83' lang='lat' dir='ltr'>utiba·</span> 
     </span>
     <span class='ocr_line' id='line_1_19' title="bbox 291 2796 1414 2888; baseline 0 -22"><span class='ocrx_word' id='word_1_143' title='bbox 291 2811 386 2888; x_wconf 90' lang='lat' dir='ltr'>laque</span> <span class='ocrx_word' id='word_1_144' title='bbox 422 2810 642 2887; x_wconf 88' lang='lat' dir='ltr'>permaneant,</span> <span class='ocrx_word' id='word_1_145' title='bbox 684 2797 859 2887; x_wconf 85' lang='lat' dir='ltr'>apostolica</span> <span class='ocrx_word' id='word_1_146' title='bbox 893 2796 1083 2867; x_wconf 90' lang='lat' dir='ltr'>auctoritate</span> <span class='ocrx_word' id='word_1_147' title='bbox 1118 2797 1343 2868; x_wconf 83' lang='lat' dir='ltr'>interdicimus</span> <span class='ocrx_word' id='word_1_148' title='bbox 1380 2811 1414 2867; x_wconf 93' lang='lat' dir='ltr'>ut</span> 
     </span>
     <span class='ocr_line' id='line_1_20' title="bbox 291 2908 1413 3003; baseline 0.003 -24"><span class='ocrx_word' id='word_1_149' title='bbox 291 2912 376 2980; x_wconf 89' lang='lat' dir='ltr'>nulla</span> <span class='ocrx_word' id='word_1_150' title='bbox 397 2933 537 3002; x_wconf 87' lang='lat' dir='ltr'>truquam</span> <span class='ocrx_word' id='word_1_151' title='bbox 568 2932 706 3002; x_wconf 89' lang='lat' dir='ltr'>persona</span> <span class='ocrx_word' id='word_1_152' title='bbox 730 2908 885 2981; x_wconf 89' lang='lat' dir='ltr'>secularis</span> <span class='ocrx_word' id='word_1_153' title='bbox 901 2923 955 2981; x_wconf 87' lang='lat' dir='ltr'>aut</span> <span class='ocrx_word' id='word_1_154' title='bbox 992 2909 1211 2981; x_wconf 87' lang='lat' dir='ltr'>ecclesiastica</span> <span class='ocrx_word' id='word_1_155' title='bbox 1241 2910 1413 3003; x_wconf 81' lang='lat' dir='ltr'>quicquam</span> 
     </span>
     <span class='ocr_line' id='line_1_21' title="bbox 290 3024 1416 3118; baseline 0.002 -24"><span class='ocrx_word' id='word_1_156' title='bbox 290 3027 377 3118; x_wconf 91' lang='lat' dir='ltr'>quod</span> <span class='ocrx_word' id='word_1_157' title='bbox 397 3027 448 3095; x_wconf 90' lang='lat' dir='ltr'>bis</span> <span class='ocrx_word' id='word_1_158' title='bbox 462 3027 660 3095; x_wconf 86' lang='lat' dir='ltr'>contmritnu</span> <span class='ocrx_word' id='word_1_159' title='bbox 674 3028 716 3096; x_wconf 91' lang='lat' dir='ltr'>sit</span> <span class='ocrx_word' id='word_1_160' title='bbox 737 3024 769 3096; x_wconf 93' lang='lat' dir='ltr'>in</span> <span class='ocrx_word' id='word_1_161' title='bbox 784 3027 896 3096; x_wconf 91' lang='lat' dir='ltr'>eadem</span> <span class='ocrx_word' id='word_1_162' title='bbox 910 3024 1065 3097; x_wconf 86' lang='lat' dir='ltr'>canonica</span> <span class='ocrx_word' id='word_1_163' title='bbox 1077 3025 1296 3097; x_wconf 88' lang='lat' dir='ltr'>itnluoerescu</span> <span class='ocrx_word' id='word_1_164' title='bbox 1311 3025 1416 3097; x_wconf 87' lang='lat' dir='ltr'>rttoliri</span> 
     </span>
     <span class='ocr_line' id='line_1_22' title="bbox 290 3139 1416 3234; baseline 0.001 -23"><span class='ocrx_word' id='word_1_165' title='bbox 290 3142 419 3227; x_wconf 87' lang='lat' dir='ltr'>audeat,</span> <span class='ocrx_word' id='word_1_166' title='bbox 437 3163 497 3211; x_wconf 90' lang='lat' dir='ltr'>nec</span> <span class='ocrx_word' id='word_1_167' title='bbox 516 3139 688 3231; x_wconf 87' lang='lat' dir='ltr'>quicquam</span> <span class='ocrx_word' id='word_1_168' title='bbox 708 3141 859 3212; x_wconf 88' lang='lat' dir='ltr'>debonis</span> <span class='ocrx_word' id='word_1_169' title='bbox 880 3141 1053 3233; x_wconf 78' lang='lat' dir='ltr'>prrulibatto</span> <span class='ocrx_word' id='word_1_170' title='bbox 1073 3140 1216 3212; x_wconf 76' lang='lat' dir='ltr'>decaniu</span> <span class='ocrx_word' id='word_1_171' title='bbox 1236 3155 1289 3213; x_wconf 90' lang='grc' dir='ltr'>θυι</span> <span class='ocrx_word' id='word_1_172' title='bbox 1309 3140 1416 3234; x_wconf 82' lang='lat' dir='ltr'>aliqua</span> 
     </span>
     <span class='ocr_line' id='line_1_23' title="bbox 291 3253 1418 3347; baseline 0.001 -22"><span class='ocrx_word' id='word_1_173' title='bbox 291 3253 351 3325; x_wconf 89' lang='lat' dir='ltr'>alia</span> <span class='ocrx_word' id='word_1_174' title='bbox 380 3253 442 3325; x_wconf 89' lang='lat' dir='ltr'>sibi</span> <span class='ocrx_word' id='word_1_175' title='bbox 476 3253 652 3326; x_wconf 86' lang='lat' dir='ltr'>adtinentia</span> <span class='ocrx_word' id='word_1_176' title='bbox 673 3257 756 3326; x_wconf 73' lang='lat' dir='ltr'>loona</span> <span class='ocrx_word' id='word_1_177' title='bbox 787 3255 936 3326; x_wconf 86' lang='lat' dir='ltr'>invadere</span> <span class='ocrx_word' id='word_1_178' title='bbox 961 3258 1008 3326; x_wconf 86' lang='lat' dir='ltr'>ucl</span> <span class='ocrx_word' id='word_1_179' title='bbox 1038 3255 1225 3347; x_wconf 86' lang='lat' dir='ltr'>disperdere</span> <span class='ocrx_word' id='word_1_180' title='bbox 1256 3268 1311 3326; x_wconf 90' lang='lat' dir='ltr'>aot</span> <span class='ocrx_word' id='word_1_181' title='bbox 1342 3254 1418 3327; x_wconf 90' lang='lat' dir='ltr'>iude</span> 
     </span>
     <span class='ocr_line' id='line_1_24' title="bbox 292 3368 1419 3462; baseline 0.002 -24"><span class='ocrx_word' id='word_1_182' title='bbox 292 3368 431 3441; x_wconf 89' lang='lat' dir='ltr'>alienare</span> <span class='ocrx_word' id='word_1_183' title='bbox 470 3384 654 3461; x_wconf 73' lang='lat' dir='ltr'>praesumat.</span> <span class='ocrx_word' id='word_1_184' title='bbox 690 3370 723 3438; x_wconf 90' lang='lat' dir='ltr'>Si</span> <span class='ocrx_word' id='word_1_185' title='bbox 754 3369 827 3460; x_wconf 78' lang='lat' dir='ltr'>quis</span> <span class='ocrx_word' id='word_1_186' title='bbox 858 3385 965 3440; x_wconf 90' lang='lat' dir='ltr'>autem</span> <span class='ocrx_word' id='word_1_187' title='bbox 1008 3386 1118 3440; x_wconf 89' lang='lat' dir='ltr'>cotttra</span> <span class='ocrx_word' id='word_1_188' title='bbox 1160 3372 1256 3462; x_wconf 84' lang='lat' dir='ltr'>lrujos</span> <span class='ocrx_word' id='word_1_189' title='bbox 1297 3384 1419 3442; x_wconf 85' lang='lat' dir='ltr'>uestrae</span> 
     </span>
     <span class='ocr_line' id='line_1_25' title="bbox 293 3481 1419 3577; baseline 0.003 -24"><span class='ocrx_word' id='word_1_190' title='bbox 293 3481 469 3554; x_wconf 89' lang='lat' dir='ltr'>sanctionis</span> <span class='ocrx_word' id='word_1_191' title='bbox 484 3486 612 3554; x_wconf 89' lang='lat' dir='ltr'>decreta</span> <span class='ocrx_word' id='word_1_192' title='bbox 632 3483 802 3554; x_wconf 88' lang='lat' dir='ltr'>temerario</span> <span class='ocrx_word' id='word_1_193' title='bbox 821 3506 901 3555; x_wconf 91' lang='lat' dir='ltr'>ausu</span> <span class='ocrx_word' id='word_1_194' title='bbox 931 3484 1038 3555; x_wconf 86' lang='lat' dir='ltr'>uenire</span> <span class='ocrx_word' id='word_1_195' title='bbox 1069 3482 1284 3574; x_wconf 83' lang='lat' dir='ltr'>temptaverit,</span> <span class='ocrx_word' id='word_1_196' title='bbox 1315 3507 1419 3577; x_wconf 85' lang='lat' dir='ltr'>usque</span> 
     </span>
     <span class='ocr_line' id='line_1_26' title="bbox 292 3596 1418 3689; baseline 0.002 -23"><span class='ocrx_word' id='word_1_197' title='bbox 292 3598 331 3666; x_wconf 90' lang='lat' dir='ltr'>ad</span> <span class='ocrx_word' id='word_1_198' title='bbox 363 3597 491 3688; x_wconf 78' lang='lat' dir='ltr'>diguam</span> <span class='ocrx_word' id='word_1_199' title='bbox 524 3596 776 3669; x_wconf 80' lang='lat' dir='ltr'>satisfactionem</span> <span class='ocrx_word' id='word_1_200' title='bbox 808 3597 1020 3668; x_wconf 88' lang='lat' dir='ltr'>auatbematis</span> <span class='ocrx_word' id='word_1_201' title='bbox 1054 3601 1167 3689; x_wconf 86' lang='lat' dir='ltr'>laqueo</span> <span class='ocrx_word' id='word_1_202' title='bbox 1196 3620 1233 3669; x_wconf 88' lang='lat' dir='ltr'>se</span> <span class='ocrx_word' id='word_1_203' title='bbox 1259 3596 1418 3668; x_wconf 85' lang='lat' dir='ltr'>irretitum</span> 
     </span>
     <span class='ocr_line' id='line_1_27' title="bbox 293 3709 1417 3796; baseline 0.003 -15"><span class='ocrx_word' id='word_1_204' title='bbox 293 3709 427 3781; x_wconf 86' lang='lat' dir='ltr'>noterit.</span> <span class='ocrx_word' id='word_1_205' title='bbox 468 3710 529 3796; x_wconf 85' lang='lat' dir='ltr'>Qui</span> <span class='ocrx_word' id='word_1_206' title='bbox 567 3735 642 3784; x_wconf 85' lang='lat' dir='ltr'>tero</span> <span class='ocrx_word' id='word_1_207' title='bbox 671 3715 740 3783; x_wconf 73' lang='lat' dir='ltr'>beec</span> <span class='ocrx_word' id='word_1_208' title='bbox 773 3715 885 3784; x_wconf 89' lang='lat' dir='ltr'>eadem</span> <span class='ocrx_word' id='word_1_209' title='bbox 919 3713 1003 3784; x_wconf 88' lang='lat' dir='ltr'>lideli</span> <span class='ocrx_word' id='word_1_210' title='bbox 1035 3711 1207 3784; x_wconf 85' lang='lat' dir='ltr'>devotione</span> <span class='ocrx_word' id='word_1_211' title='bbox 1243 3714 1417 3784; x_wconf 83' lang='lat' dir='ltr'>obseruare</span> 
     </span>
     <span class='ocr_line' id='line_1_28' title="bbox 293 3823 1415 3917; baseline 0.002 -22"><span class='ocrx_word' id='word_1_212' title='bbox 293 3823 462 3901; x_wconf 79' lang='lat' dir='ltr'>curaverit,</span> <span class='ocrx_word' id='word_1_213' title='bbox 485 3823 602 3894; x_wconf 76' lang='lat' dir='ltr'>diuitiae</span> <span class='ocrx_word' id='word_1_214' title='bbox 621 3825 889 3897; x_wconf 89' lang='lat' dir='ltr'>remunerationis</span> <span class='ocrx_word' id='word_1_215' title='bbox 906 3825 1040 3917; x_wconf 76' lang='lat' dir='ltr'>gratiam</span> <span class='ocrx_word' id='word_1_216' title='bbox 1059 3840 1091 3896; x_wconf 91' lang='lat' dir='ltr'>et</span> <span class='ocrx_word' id='word_1_217' title='bbox 1110 3824 1297 3917; x_wconf 65' lang='lat' dir='ltr'>apostolieae</span> <span class='ocrx_word' id='word_1_218' title='bbox 1316 3827 1415 3897; x_wconf 85' lang='lat' dir='ltr'>bene·</span> 
     </span>
     <span class='ocr_line' id='line_1_29' title="bbox 294 3935 1291 4031; baseline 0.004 -24"><span class='ocrx_word' id='word_1_219' title='bbox 294 3935 447 4009; x_wconf 90' lang='lat' dir='ltr'>dictionis</span> <span class='ocrx_word' id='word_1_220' title='bbox 467 3936 519 4010; x_wconf 91' lang='lat' dir='ltr'>bic</span> <span class='ocrx_word' id='word_1_221' title='bbox 538 3951 570 4009; x_wconf 98' lang='lat' dir='ltr'>et</span> <span class='ocrx_word' id='word_1_222' title='bbox 586 3938 618 4009; x_wconf 91' lang='lat' dir='ltr'>iu</span> <span class='ocrx_word' id='word_1_223' title='bbox 639 3941 780 4010; x_wconf 88' lang='lat' dir='ltr'>loturum</span> <span class='ocrx_word' id='word_1_224' title='bbox 794 3952 1011 4031; x_wconf 84' lang='lat' dir='ltr'>consequatur</span> <span class='ocrx_word' id='word_1_225' title='bbox 1029 3941 1291 4011; x_wconf 81' lang='lat' dir='ltr'>habundantiam.</span> 
     </span>
    </p>
   </div>
   <div class='ocr_carea' id='block_1_3' title="bbox 293 4381 1421 4812">
    <p class='ocr_par' dir='ltr' id='par_1_3' title="bbox 293 4381 1421 4812">
     <span class='ocr_line' id='line_1_30' title="bbox 329 4381 1419 4457; baseline 0.003 -20"><span class='ocrx_word' id='word_1_226' title='bbox 329 4381 391 4438; x_wconf 76' lang='lat' dir='ltr'>&#39;La</span> <span class='ocrx_word' id='word_1_227' title='bbox 408 4383 486 4455; x_wconf 84' lang='lat' dir='ltr'>copie</span> <span class='ocrx_word' id='word_1_228' title='bbox 510 4382 545 4438; x_wconf 84' lang='lat' dir='ltr'>de</span> <span class='ocrx_word' id='word_1_229' title='bbox 569 4383 669 4438; x_wconf 83' lang='lat' dir='ltr'>llalure</span> <span class='ocrx_word' id='word_1_230' title='bbox 684 4390 762 4456; x_wconf 80' lang='lat' dir='ltr'>porte</span> <span class='ocrx_word' id='word_1_231' title='bbox 785 4401 820 4439; x_wconf 90' lang='lat' dir='ltr'>en</span> <span class='ocrx_word' id='word_1_232' title='bbox 844 4398 958 4452; x_wconf 73' lang='lat' dir='ltr'>mange:</span> <span class='ocrx_word' id='word_1_233' title='bbox 981 4383 1047 4440; x_wconf 82' lang='lat' dir='ltr'>l&#39;tde</span> <span class='ocrx_word' id='word_1_234' title='bbox 1074 4386 1195 4455; x_wconf 79' lang='lat' dir='ltr'>Grepor.</span> <span class='ocrx_word' id='word_1_235' title='bbox 1222 4385 1283 4457; x_wconf 80' lang='lat' dir='ltr'>vll,</span> <span class='ocrx_word' id='word_1_236' title='bbox 1312 4385 1362 4444; x_wconf 85' lang='lat' dir='ltr'>lib.</span> <span class='ocrx_word' id='word_1_237' title='bbox 1387 4387 1419 4455; x_wconf 77' lang='lat' dir='ltr'>u,</span> 
     </span>
     <span class='ocr_line' id='line_1_31' title="bbox 293 4471 1418 4544; baseline 0.005 -19"><span class='ocrx_word' id='word_1_238' title='bbox 293 4476 375 4542; x_wconf 84' lang='lat' dir='ltr'>cptrt.</span> <span class='ocrx_word' id='word_1_239' title='bbox 393 4471 444 4537; x_wconf 82' lang='lat' dir='ltr'>td,</span> <span class='ocrx_word' id='word_1_240' title='bbox 468 4473 525 4540; x_wconf 78' lang='lat' dir='ltr'>lt;</span> <span class='ocrx_word' id='word_1_241' title='bbox 541 4472 591 4529; x_wconf 84' lang='lat' dir='ltr'>lib.</span> <span class='ocrx_word' id='word_1_242' title='bbox 607 4473 636 4527; x_wconf 77' lang='lat' dir='ltr'>lt.</span> <span class='ocrx_word' id='word_1_243' title='bbox 651 4473 730 4543; x_wconf 77' lang='lat' dir='ltr'>epist.</span> <span class='ocrx_word' id='word_1_244' title='bbox 745 4472 774 4526; x_wconf 86' lang='grc'>9.</span> <span class='ocrx_word' id='word_1_245' title='bbox 793 4474 846 4527; x_wconf 88' lang='lat' dir='ltr'>Ces</span> <span class='ocrx_word' id='word_1_246' title='bbox 863 4473 957 4529; x_wconf 81' lang='lat' dir='ltr'>lettres</span> <span class='ocrx_word' id='word_1_247' title='bbox 974 4478 1037 4527; x_wconf 87' lang='lat' dir='ltr'>sont</span> <span class='ocrx_word' id='word_1_248' title='bbox 1051 4473 1230 4544; x_wconf 77' lang='lat' dir='ltr'>catalogudes</span> <span class='ocrx_word' id='word_1_249' title='bbox 1249 4474 1319 4530; x_wconf 88' lang='lat' dir='ltr'>dans</span> <span class='ocrx_word' id='word_1_250' title='bbox 1339 4475 1418 4532; x_wconf 77' lang='lat' dir='ltr'>tout.</span> 
     </span>
     <span class='ocr_line' id='line_1_32' title="bbox 294 4560 1421 4634; baseline 0.003 -17"><span class='ocrx_word' id='word_1_251' title='bbox 294 4560 414 4631; x_wconf 75' lang='lat' dir='ltr'>lioperto</span> <span class='ocrx_word' id='word_1_252' title='bbox 440 4560 614 4631; x_wconf 70' lang='lat' dir='ltr'>l&#39;orttitlctun</span> <span class='ocrx_word' id='word_1_253' title='bbox 640 4561 849 4628; x_wconf 80' lang='lat' dir='ltr'>llornunorttnr,</span> <span class='ocrx_word' id='word_1_254' title='bbox 874 4563 897 4632; x_wconf 88' lang='lat' dir='ltr'>l,</span> <span class='ocrx_word' id='word_1_255' title='bbox 922 4578 968 4633; x_wconf 88' lang='lat' dir='ltr'>pp.</span> <span class='ocrx_word' id='word_1_256' title='bbox 992 4561 1104 4630; x_wconf 76' lang='lat' dir='ltr'>ull-tt,</span> <span class='ocrx_word' id='word_1_257' title='bbox 1133 4570 1176 4617; x_wconf 81' lang='lat' dir='ltr'>u⁰⁸</span> <span class='ocrx_word' id='word_1_258' title='bbox 1200 4562 1372 4634; x_wconf 74' lang='lat' dir='ltr'>tutto-tum,</span> <span class='ocrx_word' id='word_1_259' title='bbox 1392 4570 1421 4620; x_wconf 78' lang='lat' dir='ltr'>et</span> 
     </span>
     <span class='ocr_line' id='line_1_33' title="bbox 294 4648 1421 4722; baseline 0.004 -20"><span class='ocrx_word' id='word_1_260' title='bbox 294 4664 323 4720; x_wconf 90' lang='lat' dir='ltr'>p.</span> <span class='ocrx_word' id='word_1_261' title='bbox 342 4648 406 4716; x_wconf 83' lang='lat' dir='ltr'>ttltl,</span> <span class='ocrx_word' id='word_1_262' title='bbox 435 4662 469 4704; x_wconf 74' lang='grc' dir='ltr'>υυ</span> <span class='ocrx_word' id='word_1_263' title='bbox 489 4650 570 4706; x_wconf 74' lang='grc'><strong>5010.</strong></span> <span class='ocrx_word' id='word_1_264' title='bbox 587 4650 660 4706; x_wconf 80' lang='lat' dir='ltr'>Elles</span> <span class='ocrx_word' id='word_1_265' title='bbox 683 4657 731 4706; x_wconf 77' lang='lat' dir='ltr'>tint</span> <span class='ocrx_word' id='word_1_266' title='bbox 753 4651 817 4705; x_wconf 83' lang='lat' dir='ltr'>trait</span> <span class='ocrx_word' id='word_1_267' title='bbox 844 4653 860 4705; x_wconf 82' lang='lat' dir='ltr'>b</span> <span class='ocrx_word' id='word_1_268' title='bbox 888 4648 1179 4707; x_wconf 80' lang='lat' dir='ltr'>l&#39;ercoutrnunicalieu</span> <span class='ocrx_word' id='word_1_269' title='bbox 1199 4650 1234 4708; x_wconf 84' lang='lat' dir='ltr'>de</span> <span class='ocrx_word' id='word_1_270' title='bbox 1256 4651 1381 4722; x_wconf 84' lang='lat' dir='ltr'>llaiuier,</span> <span class='ocrx_word' id='word_1_271' title='bbox 1404 4652 1421 4707; x_wconf 70' lang='lat' dir='ltr'>d</span> 
     </span>
     <span class='ocr_line' id='line_1_34' title="bbox 295 4736 1124 4812; baseline 0.002 -20"><span class='ocrx_word' id='word_1_272' title='bbox 295 4750 379 4793; x_wconf 80' lang='grc' dir='ltr'>υθυιθ</span> <span class='ocrx_word' id='word_1_273' title='bbox 399 4736 435 4793; x_wconf 82' lang='lat' dir='ltr'>de</span> <span class='ocrx_word' id='word_1_274' title='bbox 448 4742 521 4794; x_wconf 81' lang='lat' dir='ltr'>cette</span> <span class='ocrx_word' id='word_1_275' title='bbox 534 4737 654 4794; x_wconf 77' lang='lat' dir='ltr'>rdtruion</span> <span class='ocrx_word' id='word_1_276' title='bbox 669 4737 846 4795; x_wconf 72' lang='lat' dir='ltr'>destituente</span> <span class='ocrx_word' id='word_1_277' title='bbox 858 4755 932 4812; x_wconf 90' lang='lat' dir='ltr'>pour</span> <span class='ocrx_word' id='word_1_278' title='bbox 950 4739 976 4795; x_wconf 83' lang='lat' dir='ltr'>le</span> <span class='ocrx_word' id='word_1_279' title='bbox 997 4738 1124 4794; x_wconf 62' lang='lat' dir='ltr'>emeat.</span> 
     </span>
    </p>
   </div>
   <div class='ocr_carea' id='block_1_4' title="bbox 0 0 1722 5490">
    <p class='ocr_par' dir='ltr' id='par_1_4' title="bbox 0 0 1722 5490">
     <span class='ocr_line' id='line_1_35' title="bbox 0 0 1722 5490; baseline 0 0"><span class='ocrx_word' id='word_1_280' title='bbox 0 0 1722 5490; x_wconf 95' lang='lat' dir='ltr'> </span> 
     </span>
    </p>
   </div>
  </div>
 </body>
</html>
