3420 5490
787 743 945 814 ..34-

299 878 409 950 Crucis
429 882 469 949 de
494 876 641 961 flaciaco,
665 880 793 949 tandem
820 877 945 969 utrique
972 894 1157 951 uenerunt⁰
1176 894 1251 953 anto
1284 906 1425 974 prusen-

218 992 223 1004 '
299 991 374 1064 tiam
404 1006 561 1075 nostram,
593 1005 625 1062 et
653 989 920 1082 compositionem
954 990 1056 1083 paris,
1086 1016 1158 1084 anc
1192 993 1317 1085 utrique
1344 993 1424 1087 parti

298 1108 456 1196 placebat,
478 1102 694 1175 recitaverunt
713 1127 820 1175 coram
843 1103 936 1174 nobis
963 1103 995 1174 in
1012 1107 1099 1175 trurrc
1126 1108 1270 1177 modum.
1293 1106 1423 1179 Scilicet

296 1220 381 1307 quod
414 1215 598 1287 ttainandus
617 1231 649 1286 et
675 1239 884 1287 successores
903 1219 954 1286 sui
985 1220 1123 1288 habeant
1144 1217 1174 1288 in
1197 1229 1280 1291 terra
1299 1224 1425 1292 Sanctcu

296 1329 407 1400 Crucis
422 1333 566 1421 quinque
587 1331 843 1400 consuetudines
856 1343 994 1414 tantum,
1014 1330 1100 1401 sicut
1114 1333 1334 1404 determinatru
1347 1350 1425 1405 sont

295 1441 328 1512 in
348 1447 408 1513 hac
421 1447 569 1532 quartat,
602 1455 633 1513 et
654 1441 705 1512 tris
724 1440 867 1513 contenti
884 1440 981 1513 nichit
1002 1442 1140 1535 amptius
1162 1442 1301 1535 exigant.
1318 1448 1423 1519 itabe-

296 1559 376 1626 bunt
396 1555 688 1628 consuetudinem⁶
708 1554 782 1647 vini,
802 1553 844 1626 ita
862 1569 896 1625 ut
912 1579 968 1647 pro
988 1555 1096 1628 modio
1115 1556 1176 1627 tini
1191 1560 1365 1630 reddantur
1378 1562 1418 1631 dc

295 1692 366 1740 cem
386 1683 418 1740 et
437 1671 502 1741 vtn
523 1667 648 1739 sextarii
665 1682 787 1738 tantum
808 1683 840 1738 ct
867 1667 1018 1740 denarios
1044 1693 1139 1753 unus,
1165 1685 1198 1740 et
1223 1694 1287 1741 non
1306 1694 1425 1762 cogan-

297 1796 347 1852 tur
361 1782 507 1853 homines
527 1785 653 1852 Sanctae
667 1779 777 1851 Crucis
797 1784 965 1872 deportare
978 1785 1016 1852 ud
1032 1783 1091 1853 atia
1107 1786 1189 1866 loca,
1204 1787 1252 1855 vot
1273 1808 1346 1856 rasa
1361 1809 1419 1857 sua

296 1897 562 1966 commendaret.
591 1897 694 1965 Altera
718 1897 920 1965 consuetudo
939 1909 1002 1978 est,
1029 1899 1114 1987 quod
1138 1920 1193 1988 per
1215 1912 1280 1968 tres
1301 1912 1423 1968 tantum

296 2008 416 2080 diesin
438 2008 520 2078 maio
540 2022 633 2079 erunt
654 2006 802 2080 hornines
821 2012 947 2079 Sanctae
961 2011 1073 2080 Crucis
1092 2012 1124 2081 in
1150 2013 1293 2096 fossatis,
1315 2016 1363 2083 vet
1392 2011 1423 2083 io

297 2121 497 2215 reparatione
526 2121 737 2193 munitionis‘
768 2121 890 2193 castetti
916 2122 1149 2209 Craciacensis,
1175 2148 1235 2196 nec
1259 2129 1298 2196 ad
1327 2125 1424 2198 atium

297 2241 403 2308 iocum
424 2238 636 2320 deducentur,
660 2259 718 2307 nec
739 2236 770 2306 in
793 2236 855 2306 atio
884 2251 1027 2329 tempore
1049 2239 1315 2312 consuetudinem
1336 2239 1422 2326 ittam

295 2367 453 2443 cogentur
472 2354 649 2434 exsoluere,
669 2373 728 2421 nec
747 2375 885 2442 unquam
914 2350 1082 2423 redimere.
1101 2352 1205 2424 Tertia
1221 2358 1424 2425 consuetudo

295 2468 445 2556 estquod
476 2465 625 2535 dominus
647 2463 866 2536 Craciaccnsis
881 2467 1011 2536 tratietnt
1035 2466 1243 2557 piscationem
1267 2493 1421 2560 nuptarum

298 2580 448 2669 {Sanctae}
462 2577 593 2647 Cruciss
610 2601 695 2647 omns
711 2591 800 2647 sexta
815 2582 877 2648 tera
895 2577 982 2659 toria,
999 2577 1059 2648 nisi
1074 2593 1150 2650 tunc
1164 2584 1291 2670 quaudo
1306 2581 1423 2672 atiquis

296 2693 336 2761 de
356 2690 520 2760 canonicis
548 2694 673 2759 Sanctae
698 2690 809 2759 Crucis
829 2688 860 2758 in
887 2703 969 2759 terra
990 2688 1041 2760 itta
1061 2691 1174 2761 aderit.
1201 2698 1318 2777 Quarta
1343 2717 1420 2764 con·

296 2805 433 2874 suetudo
461 2816 522 2886 est,
548 2806 633 2893 qnod
655 2807 695 2872 de
715 2801 819 2894 proruis
840 2803 893 2891 qui
911 2803 1094 2892 jacuerintt
1129 2804 1160 2874 in
1183 2817 1265 2876 terra
1292 2812 1418 2876 Sanctus

298 2918 409 2986 Crucis
438 2931 470 2987 ct
501 2914 685 2986 currerint
716 2938 771 3006 per
793 2938 922 2985 nemora
949 2920 1074 2985 Sanctus
1095 2915 1205 2987 Crucis
1229 2933 1260 2987 ct
1288 2944 1343 3009 pur
1368 2944 1421 2990 nc·

297 3054 384 3100 mora
403 3028 505 3122 ipsius
525 3027 677 3100 ltainaudi
698 3028 768 3099 sino
787 3029 970 3112 occasione,
986 3029 1114 3099 tratsctrit
1129 3029 1333 3102 rrrcdietatcm
1350 3055 1419 3125 pas·

297 3143 430 3234 mogii¹;
446 3143 487 3213 ita
500 3146 585 3234 ‹ptrod
599 3142 743 3213 seruiens
758 3147 884 3212 Sanctae
902 3143 1012 3213 Crucis
1029 3142 1262 3235 recipiuntaut
1275 3144 1307 3214 in
1323 3148 1421 3217 domo

297 3262 421 3328 Sanctcu
446 3256 570 3339 Crucis,
595 3270 755 3347 praesente
775 3260 937 3326 serviente
957 3279 1029 3338 suo,
1052 3256 1103 3327 cui
1120 3257 1276 3328 medietas
1298 3263 1420 3349 persot·

297 3388 397 3443 uetur.
420 3371 536 3456 Quinta
557 3371 760 3440 consuetodo
784 3385 846 3455 est,
868 3373 952 3460 qrtod
974 3373 1013 3440 de
1033 3369 1146 3440 ovibus
1167 3370 1295 3442 tratsebit
1312 3394 1420 3463 pasca·

297 3485 390 3572 rium,
408 3484 450 3556 ita
470 3487 555 3576 nrrod
576 3484 723 3555 cartonici
742 3483 838 3555 nictrit
860 3482 902 3554 ini
918 3483 1088 3575 accipient.
1114 3489 1186 3555 nst
1204 3485 1296 3575 agnis
1315 3500 1423 3557 tamen

296 3598 456 3671 annicntis
489 3598 586 3669 nichit
615 3602 824 3690 persolvetur.
861 3597 1029 3669 Concessit
1053 3599 1084 3669 in
1111 3599 1282 3690 pumentia
1312 3614 1421 3671 trtrstra

298 3712 381 3783 idom
403 3712 588 3794 ltainatdus,
620 3726 652 3782 et
672 3725 874 3782 sacramento
903 3711 1052 3794 tirrnatit,
1074 3715 1159 3802 (pond
1181 3712 1231 3782 tris
1250 3729 1423 3786 consitutu-

297 3825 427 3896 dinibus
447 3840 620 3896 contentus
635 3827 790 3907 manebit,
811 3846 872 3894 nec
887 3822 965 3894 atias
989 3822 1172 3895 exactiones
1192 3824 1346 3916 requiret,
1361 3849 1423 3897 nec

295 3937 419 4029 atinnas
435 3937 607 4010 violencias
627 3938 753 4020 int‘erct,
771 3961 831 4008 nec
851 3936 882 4006 in
902 3951 996 4020 turra,
1015 3959 1074 4007 ncc
1092 3936 1123 4008 in
1141 3937 1340 4024 nemoribus,
1362 3961 1423 4011 nec

296 4054 327 4126 in
348 4054 453 4145 aquis,
482 4077 540 4125 nce
568 4052 599 4123 in
621 4053 733 4144 pratis,
759 4077 819 4123 nec
839 4055 989 4123 tuorniocs
1010 4059 1136 4124 Sanctm
1156 4053 1267 4125 Crucis
1285 4053 1425 4145 justicia·

296 4168 354 4254 bit,
369 4171 426 4240 sed
444 4167 567 4260 justitia
586 4166 684 4237 totins
705 4181 798 4238 terrm
818 4171 878 4238 erit
897 4165 1045 4238 ecctcsim
1065 4182 1186 4238 sanctm
1207 4167 1329 4240 Crucis.
1346 4174 1424 4241 Poa-

295 4283 402 4353 tutauit
419 4281 514 4354 etiam
534 4306 552 4352 a
572 4281 665 4353 notris
687 4295 720 4351 ut
736 4281 857 4372 scripto
877 4286 1156 4363 contirmaremns,
1172 4297 1205 4353 et
1224 4280 1252 4352 si
1273 4281 1342 4374 ipsc
1356 4280 1423 4353 rio·

296 4481 412 4489 ----.
424 4480 538 4491 φ.--»
546 4480 635 4487 -----.
648 4478 870 4492 ...μ-..υ-..ω-
890 4478 905 4485 ..
918 4478 942 4486 .·
967 4478 990 4485 ...
1024 4480 1029 4484 .
1098 4478 1103 4484 .
1178 4477 1250 4486 ...-.
1264 4477 1349 4486 ---..
1366 4477 1392 4485 -

323 4594 408 4644 xvtt.
425 4621 452 4631 -
468 4600 704 4644 menosenerunt.
722 4617 754 4631 -
770 4591 895 4643 b.csrto.
923 4617 953 4628 -
974 4607 998 4641 c.
1026 4590 1377 4643 irtus-‹teonnmuure
1394 4616 1424 4631 -

289 4688 314 4726 σ.
330 4688 404 4726 ιιιιιιι.
417 4699 447 4714 -
460 4675 480 4739 s.
493 4673 601 4725 Scnctm
613 4671 719 4727 Crucis.
737 4697 766 4712 -
788 4687 817 4737 p.
833 4676 896 4723 runt
910 4696 941 4710 -
962 4671 988 4722 t.
1003 4670 1184 4723 cucurrerint.
1200 4696 1233 4710 -
1251 4671 1271 4720 ι’.
1287 4669 1422 4738 pasnagii.

288 4752 353 4818 —j.
369 4751 445 4803 tttua.
463 4751 532 4803 -tn
548 4766 607 4818 pro.
