3420 5490
763 562 943 643 -tra-

289 726 404 795 capere
425 704 635 797 presumpsit,
669 706 754 776 unde
778 728 794 774 a
829 705 923 776 nobis
943 707 1051 777 datum
1072 720 1104 776 et
1135 729 1152 776 a
1181 705 1314 777 domino
1334 730 1413 799 papa

288 820 508 887 confirmatam
536 817 749 887 anathematis
769 815 886 887 subivit
901 817 1107 887 sententiam.
1129 821 1271 887 'landem
1291 817 1412 890 domiui

287 930 373 1021 regis
398 927 551 1003 Ludovici
569 928 822 1001 commonitione
847 944 880 1000 ct
897 933 969 1001 date
985 949 1071 1000 metu
1097 930 1270 1013 sententie,
1288 934 1414 1003 arclrie·

288 1042 410 1134 piscopi
440 1047 641 1114 Turonensis
669 1042 842 1134 Erigebaldi
868 1059 900 1114 et
930 1066 1003 1115 meo
1023 1043 1160 1114 corrsilio
1180 1044 1412 1116 terminandam

287 1160 370 1226 lianc
388 1155 551 1226 commisit
572 1156 827 1227 contentionem.
848 1156 1005 1226 Dominus
1025 1155 1131 1247 itaque
1149 1157 1413 1250 archiepiscopos

287 1283 319 1338 et
340 1290 401 1358 ego
419 1283 452 1339 et
472 1271 642 1339 nobiscum
662 1268 714 1338 ulii
736 1273 911 1360 proicientes
932 1268 987 1338 viri
1005 1272 1045 1339 ad
1061 1273 1295 1340 consulendum
1315 1294 1415 1362 super

289 1385 350 1451 boc
366 1383 576 1453 convenimus
591 1396 740 1473 presente
752 1381 921 1452 Lanccliuo
934 1381 1070 1452 sollicite
1084 1385 1123 1451 de
1133 1385 1273 1472 juresuo
1286 1382 1413 1453 unicui·

288 1517 350 1586 que
381 1494 592 1585 assignando.
628 1494 759 1565 Provida
791 1493 898 1584 itaquo
923 1494 1180 1566 consideratione
1209 1495 1411 1567 decrevimus

288 1622 448 1697 quatenus
470 1631 550 1698 cpuas
579 1611 704 1688 Simon,
725 1612 821 1678 trater
849 1610 932 1696 ejus,
957 1610 1212 1679 consuetudines
1231 1608 1411 1692 dimiserat,

288 1718 414 1789 scilieet
439 1718 685 1810 bospitalitium,
705 1733 737 1789 et
756 1719 997 1809 expedicionem
1022 1733 1054 1789 et
1079 1719 1236 1810 justitiam
1259 1744 1354 1810 quiam
1374 1744 1413 1791 er

288 1834 528 1901 consuetudine
558 1831 628 1922 ipse
658 1830 848 1901 lancelinus
875 1853 972 1921 super
999 1831 1146 1902 bomincs
1178 1831 1264 1902 lleati
1292 1831 1412 1903 llartiui

288 1943 448 2033 erigebat,
461 1946 595 2014 omnino
608 1942 782 2014 dimitteret
793 1941 854 2013 uisi
871 1941 1053 2034 prepositus
1068 1946 1155 2014 lleati
1176 1942 1410 2036 llartinirequi·

288 2054 370 2127 situs
394 2060 441 2126 vel
471 2058 667 2147 impotenter
690 2058 738 2126 vel
769 2055 971 2146 negligenter
987 2059 1027 2126 ab
1046 2078 1083 2126 ea
1119 2059 1283 2129 vlellcerct.
1316 2060 1414 2129 tlddi·

288 2169 395 2240 dimus
415 2168 512 2240 etiam
530 2173 616 2261 quod
635 2192 692 2263 pro
719 2169 768 2240 bis
792 2193 856 2260 utre
878 2167 1043 2240 dimiserat
1060 2184 1306 2241 censameutuur
1325 2173 1413 2264 ‹puod

288 2282 320 2354 in
335 2282 472 2376 singulis
483 2284 632 2354 domibus
646 2287 686 2354 do
697 2285 857 2354 Sodobrio
872 2285 1022 2368 babebat,
1038 2307 1101 2355 tvno
1110 2299 1263 2357 constans
1277 2285 1414 2357 sextario

288 2402 329 2470 ad
350 2422 533 2470 mensuram
550 2401 671 2489 justam
691 2414 722 2470 ct
738 2422 894 2482 rasuram,
917 2398 1073 2470 vendendi
1090 2413 1122 2470 et
1140 2402 1271 2472 curendi
1292 2400 1324 2471 iu
1341 2400 1413 2472 villa

289 2511 317 2584 ei
339 2512 370 2582 in
391 2516 489 2603 duplo
524 2515 723 2594 redderetur,
744 2511 887 2603 exceptis
908 2512 1057 2584 domibus
1077 2512 1242 2585 cimeterio
1263 2517 1412 2605 adjacen-

290 2624 376 2696 tibus
397 2649 491 2695 suum
513 2624 644 2718 pristina
674 2623 909 2696 consuetudine
929 2641 1173 2697 censamentum
1188 2627 1409 2699 reddentibus.

292 2738 436 2831 Amplius
471 2738 497 2808 si
518 2739 765 2810 vindocinensis
796 2762 906 2809 comes
936 2742 983 2808 vel
1010 2737 1143 2828 quilibet
1173 2741 1225 2809 alii
1245 2740 1411 2811 domiuum

292 2848 492 2940 llelgenciaci
510 2857 549 2920 ad
565 2874 711 2940 guerram
733 2852 985 2941 procuraverint,
1012 2850 1160 2922 bomines
1177 2851 1268 2924 llcati
1290 2850 1411 2923 llurtini

290 2966 331 3034 de
351 2965 510 3033 Sodobrio
532 2963 576 3033 illi
596 2979 628 3034 et
647 2963 808 3055 preposito
836 2978 868 3034 ot
887 2962 1073 3034 bominibus
1092 2967 1174 3055 ejus,
1205 2964 1236 3034 in
1257 2982 1412 3057 qnantum

289 3091 372 3147 terra
394 3075 481 3147 [lcati
502 3076 622 3146 llartini
643 3075 896 3148 censamentaria
912 3080 1105 3160 extenditur,
1119 3077 1306 3171 impendent
1325 3078 1412 3150 suri-

288 3189 381 3271 lium,
395 3188 435 3258 iis
451 3190 703 3279 tamenerceptis
717 3190 835 3260 comite
846 3192 1054 3273 Tbeobaudo,
1067 3191 1233 3261 canonicis
1248 3205 1279 3261 et
1294 3213 1411 3283 prepo-

288 3305 351 3371 sito
371 3300 457 3371 lleati
477 3299 611 3371 llartini.
634 3301 686 3370 Sic
716 3301 909 3392 dispositum
926 3303 1043 3391 placuit
1060 3306 1231 3373 lancelino
1245 3317 1279 3373 et
1290 3303 1412 3374 divulsit

289 3412 322 3481 in
354 3436 451 3484 rnaou
483 3413 710 3498 bartholomei,
738 3412 889 3505 prepositi
920 3412 1006 3485 beati
1042 3413 1177 3495 llartiui,
1198 3437 1274 3486 euru
1293 3418 1413 3487 cutello

288 3525 491 3597 satislacieus
509 3550 571 3618 que
592 3526 766 3597 divnitenda
790 3526 1004 3598 decrevimus.
1037 3531 1130 3613 Quod
1158 3551 1198 3599 ne
1222 3545 1318 3620 queat
1335 3528 1414 3600 obli·

290 3641 384 3713 vione
400 3642 498 3713 deleri
516 3640 611 3733 sigilli
633 3643 734 3712 nostri
753 3641 958 3713 attestatione
980 3643 1188 3714 tirmarimus.

334 3761 445 3827 bcturn
477 3755 604 3848 publice
630 3755 662 3826 in
694 3757 793 3848 pratis
815 3758 1017 3840 llerbclliaci,
1042 3780 1128 3827 anno
1144 3756 1298 3829 incarnati
1319 3757 1413 3831 Verbi

291 3874 424 3956 llctltt,
453 3870 609 3943 ordinatis
634 3873 665 3941 in
691 3870 827 3942 ecclesia
861 3876 895 3941 S.
927 3872 1038 3944 Crucis
1062 3870 1236 3964 rrrajoribus
1263 3872 1412 3965 personis

291 3992 422 4057 Simone
460 3990 595 4072 decano,
642 3985 773 4057 (lirardo
824 4000 966 4072 carttore,
1015 3986 1165 4058 Zuclruria
1209 3992 1414 4074 subdecano,

290 4103 427 4172 lladullo
447 4103 621 4193 capicerio.
636 4104 734 4191 llujus
747 4100 791 4171 rei
808 4109 907 4172 testes
921 4104 1081 4172 allucruut
1092 4100 1243 4173 domiuus
1258 4106 1415 4195 llugelral·

290 4218 364 4298 dus,
400 4214 598 4286 Turonensis
632 4214 907 4307 arcbiopiscopus,
940 4219 1183 4286 llartbulomcus
1216 4216 1413 4309 prepositus,

290 4332 448 4399 lirnablus
477 4329 714 4420 hospitalarius,
742 4328 896 4419 Georgius
920 4328 1127 4419 grunitarius,
1156 4333 1246 4420 llugo
1265 4330 1414 4403 succinc-

292 4457 354 4524 tor,
377 4446 467 4531 llugo
500 4445 540 4512 de
573 4442 744 4525 Sodobrio,
764 4444 926 4512 lobanncs
954 4440 1151 4527 Seuebaudi,
1183 4447 1354 4515 llurauuus
1372 4446 1414 4517 de

294 4554 476 4638 Sodobrio;
499 4556 539 4624 do
565 4553 749 4624 bominibus
785 4576 859 4625 vero
895 4554 982 4624 illius
1012 4569 1096 4625 terro
1118 4555 1273 4626 lleuricus
1299 4560 1413 4647 major,
