3420 5490
760 758 941 823 ..358-

289 889 453 972 Betehere,
475 890 568 956 Laur.
589 888 661 977 ejus
686 908 774 969 uror,
798 884 990 957 Benedictus
1009 887 1162 956 Beteirere
1181 897 1214 957 et
1232 884 1325 958 traria
1343 908 1416 979 epus

290 1023 380 1083 uror,
413 1000 624 1070 uendiderunt
662 998 898 1072 uenerabilibus
931 997 1007 1070 viris
1028 984 1168 1070 'decano
1203 1013 1237 1071 st
1274 998 1417 1091 capituto

289 1111 572 1185 noretianeosious
586 1115 759 1203 quamdam
774 1114 905 1184 domum
921 1133 1013 1182 suam
1032 1110 1127 1182 sitam
1143 1114 1231 1203 juxta
1249 1112 1416 1203 grangiam

289 1228 330 1297 ue
362 1224 539 1296 Terminier
568 1226 675 1316 precio
708 1223 874 1296 sexdecim
907 1224 1060 1294 librarum
1098 1222 1338 1315 parisiensium,
1373 1228 1416 1297 de

289 1336 407 1431 quinus
432 1359 541 1411 coram
571 1335 666 1409 uobis
699 1349 872 1408 tennerunt
901 1358 938 1407 se
964 1334 1088 1428 integre
1124 1357 1182 1427 pro
1222 1334 1345 1427 papatis
1381 1336 1416 1407 in

291 1449 427 1546 pecunie
464 1463 643 1534 numerata,
674 1452 737 1523 tide
765 1449 896 1544 prestita
925 1448 1149 1543 prominentes
1181 1452 1268 1541 quod
1302 1462 1416 1525 contra

290 1567 409 1638 dictam
434 1564 653 1637 uenditionem
682 1587 739 1658 per
766 1588 803 1638 se
827 1566 875 1636 vei
902 1586 959 1657 per
983 1562 1065 1636 aiios
1090 1561 1123 1635 in
1153 1576 1318 1657 posterum
1348 1586 1415 1637 non

292 1678 448 1762 venirent,
471 1678 536 1751 imo
555 1678 759 1751 eameisdem
779 1678 979 1771 emptoribus
1005 1681 1045 1748 ed
1073 1700 1152 1749 usus
1180 1692 1212 1749 et
1241 1690 1417 1751 cousuetu-

292 1790 385 1860 dines
404 1789 649 1861 Auretianenses
678 1789 820 1881 legitime
846 1788 1042 1880 garantirent
1070 1810 1197 1859 omnes.
1230 1792 1346 1860 Datum
1375 1792 1417 1861 ad

293 1923 406 1993 preces
427 1902 564 1993 portium
586 1924 671 1973 auno
697 1904 775 1973 MCC
799 1902 1097 1995 quadragintesimo
1117 1902 1275 1987 mundo,
1301 1922 1417 1973 menso

290 2013 381 2107 julio.

790 2376 929 2441 CCLXW

759 2672 849 2733 Arril
873 2671 952 2735 tutu

332 2943 469 3002 Ventoso
483 2945 609 3019 chapitrc
620 2963 656 3002 uu
673 2946 733 3019 prix
748 2946 782 3002 de
796 2947 832 3002 40
846 2947 929 3003 liures
943 2947 1043 3021 parisis
1056 2946 1124 3005 u‘un
1139 2956 1237 3023 arpent
1251 2948 1287 3007 tio
1300 2950 1383 3023 ripun

577 3044 594 3097 t
612 3062 627 3097 r
642 3044 715 3099 0ru¹
732 3062 759 3113 r,
775 3060 825 3116 par·
841 3044 932 3100 Atiam
946 3045 981 3099 dn
995 3045 1022 3101 la
1037 3046 1133 3102 Burro.

530 3188 618 3260 (Orig.
632 3206 657 3247 s.
673 3190 770 3262 perch.
786 3190 871 3246 Arch.
888 3190 926 3247 dn
940 3191 1043 3259 loiret,
1057 3190 1092 3247 G.
1106 3190 1183 3261 att.)

339 3428 497 3500 Omnibus
525 3444 692 3520 presentes
723 3428 844 3500 titteras
875 3428 1082 3523 inspecturis,
1104 3429 1252 3504 otssciaiis
1272 3432 1415 3505 Aurelia·

298 3543 409 3615 nensis
440 3547 576 3614 sulutem
597 3545 629 3613 in
651 3546 800 3614 ttomino.
823 3547 974 3616 Noverint
995 3546 1135 3617 universi
1154 3548 1240 3638 qnod
1260 3549 1423 3621 innostra

299 3657 458 3749 presentia
478 3656 643 3728 constituti
665 3661 818 3729 tuamne
839 3663 946 3742 iterra,
963 3658 1112 3742 ctericus,
1133 3684 1231 3730 unum
1251 3676 1423 3755 arpentum

299 3776 392 3842 vinee
410 3774 496 3863 orror!
517 3771 643 3842 dicebat
667 3795 702 3841 se
725 3774 843 3842 trabere
872 3775 956 3864 opud
982 3776 1056 3858 Orc,
1085 3773 1117 3843 in
1148 3772 1276 3846 censita
1304 3778 1425 3849 Sancte

299 3888 410 3957 Crucis
438 3884 676 3957 Aurelianensis
706 3885 779 3972 site,
811 3886 949 3958 vendidit
971 3900 1004 3957 et
1023 3885 1055 3957 in
1079 3902 1269 3981 perpetuum
1287 3878 1425 3981 quitavit

299 4000 533 4073 verremiriiitrus
558 4000 632 4071 viris
652 4005 774 4071 decano
800 4016 832 4072 et
858 4000 999 4092 capituto
1028 4001 1247 4075 Aurelianensi
1268 4026 1326 4098 pro
1343 4029 1425 4097 spua-

298 4114 442 4206 draginta
463 4114 552 4186 tibris
568 4113 813 4207 parisiensibus,
830 4118 871 4187 de
888 4116 1008 4208 ouibus
1027 4138 1063 4188 se
1081 4116 1183 4189 tenuit
1199 4140 1307 4189 coram
1326 4118 1426 4191 notris

298 4228 420 4317 integre
447 4250 504 4317 pro
532 4242 646 4317 pagato
677 4230 711 4297 in
737 4228 872 4318 pecunia
895 4244 1074 4314 numerata,
1112 4230 1307 4303 renuncians
1332 4232 1425 4304 omni

298 4337 476 4429 exceptioni
497 4338 632 4429 pecunie
654 4360 718 4407 non
739 4353 919 4425 numerate,
944 4340 1007 4410 nuc
1026 4338 1059 4411 iu
1079 4363 1176 4413 mauu
1196 4337 1305 4413 nostra
1331 4364 1426 4433 proa-

335 4650 345 4685 ¹
364 4652 407 4705 Au
423 4648 480 4705 ctos
494 4649 750 4722 corrup-cnorum
762 4653 778 4705 a
791 4648 822 4707 S.
839 4652 923 4719 Marc,
947 4650 987 4705 dit
1008 4665 1064 4705 une
1082 4654 1149 4705 note
1169 4650 1257 4707 ecrite
1270 4666 1307 4707 ιιι
1320 4650 1373 4707 dos
1385 4650 1425 4711 do

299 4737 378 4791 i'acts
392 4736 512 4793 suivant.
