3420 5490
822 658 942 721 Mb·-

289 784 433 852 excedet.
452 785 555 872 Super
578 786 719 852 clausula
740 797 815 851 sero
837 782 888 851 illa
913 803 976 872 qne
996 782 1181 853 continetur
1201 781 1233 852 in
1263 782 1416 873 predictis

289 898 404 967 litteris
423 910 459 966 ut
487 919 722 987 quemeumque
742 895 898 966 volueriut
923 899 1124 967 sacerdotem
1150 896 1182 966 itt
1202 894 1341 967 ecclesia
1362 894 1416 965 illa

288 1011 457 1083 instituant
471 1016 519 1083 sel
539 1017 738 1101 capellanum
765 1027 896 1102 ponent,
918 1036 992 1082 cum
1013 1017 1107 1083 verba
1121 1013 1209 1083 civili
1226 1016 1321 1084 modo
1349 1012 1416 1084 sint

288 1123 509 1212 intelligenda,
537 1122 584 1192 sic
618 1127 697 1192 lacta
734 1138 785 1193 est
815 1122 1035 1213 interpretatio
1071 1126 1139 1193 site
1171 1122 1347 1194 declaratio
1379 1139 1416 1194 ut

288 1257 525 1325 quemcumque
538 1235 708 1314 voluerint,
721 1233 807 1303 licite
822 1234 945 1304 scilicet
959 1248 990 1304 et
1004 1237 1151 1316 boueste,
1166 1235 1199 1305 iu
1213 1239 1415 1327 capellanum

290 1363 422 1437 ponant,
446 1366 576 1418 vacante
608 1346 734 1418 scilicet
752 1345 902 1429 ecelesia,
924 1362 956 1418 et
984 1350 1046 1418 boc
1066 1346 1146 1419 iulta
1166 1372 1221 1419 set
1253 1372 1411 1435 meuses;

289 1461 445 1552 alioquin,
461 1460 580 1553 elapsis
592 1484 646 1530 set
661 1461 839 1547 mensibus,
854 1460 880 1530 si
889 1461 1063 1551 capitulum
1074 1483 1244 1553 personam
1258 1462 1290 1533 in
1304 1467 1413 1535 eccle·

290 1574 337 1645 sia
358 1597 421 1644 non
442 1573 647 1660 instituisset,
664 1576 838 1666 episcopus
851 1567 988 1644 ecclesie
1006 1580 1047 1643 de
1061 1597 1197 1665 persona
1218 1576 1414 1667 provideret.

291 1692 336 1759 [le
363 1688 546 1779 bospitibus
565 1703 672 1758 autem
692 1686 836 1780 episcopi
867 1687 921 1778 qui
946 1702 1077 1757 manent
1098 1690 1145 1758 tel
1176 1691 1352 1760 manebunt
1380 1686 1414 1759 iu

290 1802 432 1897 predicta
454 1802 618 1896 parrochia
649 1814 682 1873 et
708 1803 748 1872 de
768 1804 904 1873 vassallo
933 1799 1036 1892 ipsius
1061 1803 1102 1873 de
1135 1801 1345 1875 Cbameroliis
1368 1800 1414 1875 ita

289 1919 469 1987 ordinatum
490 1930 539 1987 est
558 1930 590 1988 et
609 1937 802 1987 concessum
822 1916 920 2006 quod,
942 1914 969 1985 si
992 1917 1122 2006 quaudo
1145 1938 1274 1987 causant
1295 1918 1417 1989 babue-

290 2028 354 2100 riut
368 2029 623 2101 ecclesiasticam
639 2052 747 2100 coram
767 2029 907 2119 capitulo
928 2032 976 2099 tel
991 2030 1141 2100 mandato
1152 2028 1268 2122 ipsius,
1284 2029 1412 2123 episeo-

290 2166 364 2235 pus,
383 2142 409 2214 si
427 2142 455 2214 ei
477 2143 714 2234 videaturquod
734 2140 853 2213 ibidem
866 2142 1070 2232 minusjuste
1086 2157 1274 2226 tractentur,
1297 2140 1415 2236 poterit

291 2259 443 2327 mandare
457 2258 487 2327 ei
505 2254 558 2346 qui
576 2255 739 2346 justiciam
760 2254 882 2326 tenebit
900 2258 986 2345 quod
1006 2278 1135 2326 eausam
1150 2258 1288 2327 adducat
1303 2278 1413 2329 coram

294 2393 341 2455 se,
368 2384 400 2441 et
431 2385 507 2440 tune
526 2369 647 2440 cutiam
667 2392 759 2440 suam
790 2367 965 2460 capitulum
998 2372 1044 2440 tel
1075 2372 1260 2450 mandatum
1280 2368 1413 2463 capituli

289 2508 396 2556 eoram
410 2485 562 2575 episcopo
574 2486 706 2554 tenebit.
722 2487 779 2553 l‘er
790 2485 872 2552 bane
886 2496 992 2552 autem
1007 2481 1269 2566 declarationem,
1287 2496 1411 2575 tempe·

291 2596 445 2667 rationem
467 2597 534 2668 site
552 2597 787 2666 ordinationem
814 2595 1030 2666 nullumalias
1047 2594 1163 2666 sivein
1181 2594 1253 2666 aliis
1272 2598 1327 2667 liat
1342 2618 1414 2689 pre·

286 2709 443 2800 judicium
465 2708 579 2779 litteris
600 2707 787 2799 prenotatis,
803 2711 860 2777 scd
880 2729 938 2778 eus
959 2712 1174 2798 approbamus
1188 2723 1221 2778 et
1238 2715 1413 2780 eonllrma·

290 2844 374 2892 mus.
402 2827 513 2892 tlctutu
534 2845 619 2891 anuo
644 2819 771 2890 bontiui
791 2817 965 2890 millesimo
981 2817 1205 2890 ducentesimo
1230 2817 1410 2907 tricesimo,

290 2957 401 3006 mense
416 2933 603 3025 septembri.

786 3236 914 3299 CCXXV

728 3512 872 3573 ttctotue
894 3512 972 3574 teau

288 3738 529 3793 lleeonnuiseanee
552 3754 602 3809 pat
621 3740 746 3809 l'eteque
765 3739 913 3794 d'llrleanu
934 3739 969 3794 de
993 3741 1019 3795 le
1038 3740 1211 3797 aurerainete
1228 3740 1264 3795 da
1288 3740 1412 3797 llieltard

323 3833 434 3888 llatene
448 3833 542 3887 sur32
555 3834 647 3887 muids
662 3836 696 3888 de
712 3835 758 3888 lde
786 3836 836 3888 des
849 3852 969 3905 granges
993 3835 1029 3889 da
1045 3834 1247 3907 liesniluiraull
1266 3842 1294 3891 el
1322 3836 1358 3891 de
1373 3836 1414 3893 h

323 3930 405 3984 b'orel
421 3930 623 3985 Salute-croix.

531 4074 637 4144 (Copia.
655 4073 729 4130 Bibl.
744 4074 899 4139 tl'llrleaus,
916 4092 969 4130 ms.
984 4076 1049 4145 552,
1063 4092 1089 4146 p.
1103 4074 1179 4141 370).

328 4286 505 4377 l‘bilippns,
540 4286 596 4356 llei
627 4289 734 4377 gracia
762 4285 1000 4356 batrelianeusis
1031 4286 1218 4379 episcopus,
1250 4286 1412 4357 intrincesis

288 4414 455 4488 presentes
476 4398 597 4468 litteras
627 4398 819 4489 inspecturis
850 4402 986 4468 salutent
1018 4398 1049 4467 iu
1080 4397 1227 4469 bomine.
1258 4400 1413 4469 Noteriut

288 4509 426 4579 stetinensi
457 4513 541 4598 quod
572 4513 702 4600 triginta
726 4513 788 4578 duo
820 4510 918 4578 tnotlii
948 4509 1045 4593 blatli,
1066 4533 1148 4600 qttos
1175 4511 1339 4581 lultattttea
1370 4512 1411 4581 de

288 4622 452 4692 boissiaco
470 4638 503 4692 ct
528 4625 679 4709 Tbontas,
702 4630 799 4692 l'ratcr
817 4624 901 4711 ejus,
921 4635 953 4692 et
973 4621 1149 4713 Uargatita,
1166 4642 1259 4693 soror
1276 4624 1361 4713 ejas,
1378 4634 1411 4693 et
