<?xml version="1.0" encoding="UTF-8"?>
<!DOCTYPE html PUBLIC "-//W3C//DTD XHTML 1.0 Transitional//EN"
    "http://www.w3.org/TR/xhtml1/DTD/xhtml1-transitional.dtd">
<html xmlns="http://www.w3.org/1999/xhtml" xml:lang="en" lang="en">
 <head>
  <title>
</title>
<meta http-equiv="Content-Type" content="text/html;charset=utf-8" />
  <meta name='ocr-system' content='tesseract 3.04.00' />
  <meta name='ocr-capabilities' content='ocr_page ocr_carea ocr_par ocr_line ocrx_word'/>
</head>
<body>
  <div class='ocr_page' id='page_1' title='image "./cartulairedesai00jarrgoog_0251.png"; bbox 0 0 3420 5490; ppageno 0'>
   <div class='ocr_carea' id='block_1_1' title="bbox 802 1091 897 1155">
    <p class='ocr_par' dir='ltr' id='par_1_1' title="bbox 802 1091 897 1155">
     <span class='ocr_line' id='line_1_1' title="bbox 802 1091 897 1155; baseline 0 0"><span class='ocrx_word' id='word_1_1' title='bbox 802 1091 897 1155; x_wconf 80' lang='lat' dir='ltr'>txttl</span> 
     </span>
    </p>
   </div>
   <div class='ocr_carea' id='block_1_2' title="bbox 818 1349 879 1414">
    <p class='ocr_par' dir='ltr' id='par_1_2' title="bbox 818 1349 879 1414">
     <span class='ocr_line' id='line_1_2' title="bbox 818 1349 879 1414; baseline 0 0"><span class='ocrx_word' id='word_1_2' title='bbox 818 1349 879 1414; x_wconf 77' lang='lat' dir='ltr'>tto</span> 
     </span>
    </p>
   </div>
   <div class='ocr_carea' id='block_1_3' title="bbox 289 1600 1415 1766">
    <p class='ocr_par' dir='ltr' id='par_1_3' title="bbox 289 1600 1415 1766">
     <span class='ocr_line' id='line_1_3' title="bbox 289 1600 1415 1677; baseline 0.007 -21"><span class='ocrx_word' id='word_1_3' title='bbox 289 1601 414 1671; x_wconf 86' lang='lat' dir='ltr'>llugues,</span> <span class='ocrx_word' id='word_1_4' title='bbox 442 1600 498 1657; x_wconf 84' lang='lat' dir='ltr'>due</span> <span class='ocrx_word' id='word_1_5' title='bbox 520 1600 556 1657; x_wconf 91' lang='lat' dir='ltr'>de</span> <span class='ocrx_word' id='word_1_6' title='bbox 580 1601 686 1658; x_wconf 78' lang='lat' dir='ltr'>l&#39;ranee</span> <span class='ocrx_word' id='word_1_7' title='bbox 706 1608 735 1660; x_wconf 83' lang='lat' dir='ltr'>st</span> <span class='ocrx_word' id='word_1_8' title='bbox 757 1603 893 1677; x_wconf 83' lang='lat' dir='ltr'>marquis,</span> <span class='ocrx_word' id='word_1_9' title='bbox 920 1604 990 1662; x_wconf 85' lang='lat' dir='ltr'>rend</span> <span class='ocrx_word' id='word_1_10' title='bbox 1012 1607 1029 1662; x_wconf 78' lang='lat' dir='ltr'>l</span> <span class='ocrx_word' id='word_1_11' title='bbox 1050 1606 1239 1663; x_wconf 68' lang='lat' dir='ltr'>&amp;tenuasti</span> <span class='ocrx_word' id='word_1_12' title='bbox 1267 1606 1415 1664; x_wconf 80' lang='lat' dir='ltr'>d&#39;Orldaaa</span> 
     </span>
     <span class='ocr_line' id='line_1_4' title="bbox 672 1693 1034 1766; baseline 0.011 -18"><span class='ocrx_word' id='word_1_13' title='bbox 672 1693 795 1766; x_wconf 76' lang='lat' dir='ltr'>l&#39;abbape</span> <span class='ocrx_word' id='word_1_14' title='bbox 807 1694 842 1750; x_wconf 87' lang='lat' dir='ltr'>de</span> <span class='ocrx_word' id='word_1_15' title='bbox 857 1694 1034 1752; x_wconf 77' lang='lat' dir='ltr'>Salat-leun.</span> 
     </span>
    </p>
   </div>
   <div class='ocr_carea' id='block_1_4' title="bbox 337 1840 1351 1918">
    <p class='ocr_par' dir='ltr' id='par_1_4' title="bbox 337 1840 1351 1918">
     <span class='ocr_line' id='line_1_5' title="bbox 337 1840 1351 1918; baseline 0.004 -20"><span class='ocrx_word' id='word_1_16' title='bbox 337 1840 418 1898; x_wconf 84' lang='lat' dir='ltr'>ll‘ub.</span> <span class='ocrx_word' id='word_1_17' title='bbox 435 1842 533 1899; x_wconf 82' lang='lat' dir='ltr'>Gallio</span> <span class='ocrx_word' id='word_1_18' title='bbox 548 1841 725 1912; x_wconf 82' lang='lat' dir='ltr'>cbristiana,</span> <span class='ocrx_word' id='word_1_19' title='bbox 741 1850 760 1899; x_wconf 90' lang='lat' dir='ltr'>t.</span> <span class='ocrx_word' id='word_1_20' title='bbox 779 1843 851 1912; x_wconf 77' lang='lat' dir='ltr'>llll,</span> <span class='ocrx_word' id='word_1_21' title='bbox 867 1843 921 1900; x_wconf 86' lang='lat' dir='ltr'>ool.</span> <span class='ocrx_word' id='word_1_22' title='bbox 937 1843 1001 1914; x_wconf 66' lang='lat' dir='ltr'>iffi,</span> <span class='ocrx_word' id='word_1_23' title='bbox 1017 1840 1165 1918; x_wconf 71' lang='lat' dir='ltr'>d&#39;apresle</span> <span class='ocrx_word' id='word_1_24' title='bbox 1179 1843 1351 1915; x_wconf 79' lang='lat' dir='ltr'>eertutatre).</span> 
     </span>
    </p>
   </div>
   <div class='ocr_carea' id='block_1_5' title="bbox 286 2082 1415 3323">
    <p class='ocr_par' dir='ltr' id='par_1_5' title="bbox 286 2082 1415 3323">
     <span class='ocr_line' id='line_1_6' title="bbox 333 2082 1413 2178; baseline 0.006 -23"><span class='ocrx_word' id='word_1_25' title='bbox 333 2083 365 2155; x_wconf 85' lang='lat' dir='ltr'>Si</span> <span class='ocrx_word' id='word_1_26' title='bbox 386 2086 455 2154; x_wconf 85' lang='lat' dir='ltr'>loca</span> <span class='ocrx_word' id='word_1_27' title='bbox 475 2098 660 2155; x_wconf 86' lang='lat' dir='ltr'>sanctornm</span> <span class='ocrx_word' id='word_1_28' title='bbox 682 2082 714 2155; x_wconf 92' lang='lat' dir='ltr'>in</span> <span class='ocrx_word' id='word_1_29' title='bbox 740 2087 859 2176; x_wconf 80' lang='lat' dir='ltr'>quibus</span> <span class='ocrx_word' id='word_1_30' title='bbox 879 2082 1051 2157; x_wconf 73' lang='lat' dir='ltr'>memorias</span> <span class='ocrx_word' id='word_1_31' title='bbox 1082 2107 1194 2157; x_wconf 87' lang='lat' dir='ltr'>eorum</span> <span class='ocrx_word' id='word_1_32' title='bbox 1221 2085 1348 2178; x_wconf 75' lang='lat' dir='ltr'>aginam</span> <span class='ocrx_word' id='word_1_33' title='bbox 1374 2112 1413 2163; x_wconf 87' lang='lat' dir='ltr'>ae</span> 
     </span>
     <span class='ocr_line' id='line_1_7' title="bbox 288 2196 1413 2294; baseline 0.006 -26"><span class='ocrx_word' id='word_1_34' title='bbox 288 2199 415 2269; x_wconf 88' lang='lat' dir='ltr'>eineres</span> <span class='ocrx_word' id='word_1_35' title='bbox 446 2196 661 2283; x_wconf 74' lang='lat' dir='ltr'>custodimus,</span> <span class='ocrx_word' id='word_1_36' title='bbox 689 2201 777 2270; x_wconf 88' lang='lat' dir='ltr'>euttu</span> <span class='ocrx_word' id='word_1_37' title='bbox 807 2200 868 2290; x_wconf 75' lang='lat' dir='ltr'>pitu</span> <span class='ocrx_word' id='word_1_38' title='bbox 902 2197 1083 2271; x_wconf 85' lang='lat' dir='ltr'>deuotionis</span> <span class='ocrx_word' id='word_1_39' title='bbox 1112 2212 1208 2291; x_wconf 83' lang='lat' dir='ltr'>atque</span> <span class='ocrx_word' id='word_1_40' title='bbox 1248 2201 1413 2294; x_wconf 86' lang='lat' dir='ltr'>religionis</span> 
     </span>
     <span class='ocr_line' id='line_1_8' title="bbox 288 2312 1413 2406; baseline 0.004 -21"><span class='ocrx_word' id='word_1_41' title='bbox 288 2313 448 2385; x_wconf 86' lang='lat' dir='ltr'>oldeioad</span> <span class='ocrx_word' id='word_1_42' title='bbox 470 2313 611 2385; x_wconf 87' lang='lat' dir='ltr'>melioris</span> <span class='ocrx_word' id='word_1_43' title='bbox 639 2312 763 2406; x_wconf 75' lang='lat' dir='ltr'>apicem</span> <span class='ocrx_word' id='word_1_44' title='bbox 792 2326 896 2385; x_wconf 87' lang='lat' dir='ltr'>status</span> <span class='ocrx_word' id='word_1_45' title='bbox 921 2315 1097 2406; x_wconf 85' lang='lat' dir='ltr'>proreberu</span> <span class='ocrx_word' id='word_1_46' title='bbox 1128 2338 1293 2401; x_wconf 85' lang='lat' dir='ltr'>curemus,</span> <span class='ocrx_word' id='word_1_47' title='bbox 1324 2316 1413 2391; x_wconf 88' lang='lat' dir='ltr'>omui</span> 
     </span>
     <span class='ocr_line' id='line_1_9' title="bbox 288 2427 1412 2523; baseline 0.007 -26"><span class='ocrx_word' id='word_1_48' title='bbox 288 2429 451 2500; x_wconf 70' lang='lat' dir='ltr'>dubietate</span> <span class='ocrx_word' id='word_1_49' title='bbox 470 2431 595 2500; x_wconf 84' lang='lat' dir='ltr'>seclusa</span> <span class='ocrx_word' id='word_1_50' title='bbox 609 2428 773 2500; x_wconf 80' lang='lat' dir='ltr'>rrerlimns</span> <span class='ocrx_word' id='word_1_51' title='bbox 786 2431 919 2501; x_wconf 83' lang='lat' dir='ltr'>eosdem</span> <span class='ocrx_word' id='word_1_52' title='bbox 931 2427 1184 2523; x_wconf 80' lang='lat' dir='ltr'>patrocinatores</span> <span class='ocrx_word' id='word_1_53' title='bbox 1195 2429 1290 2504; x_wconf 89' lang='lat' dir='ltr'>nobis</span> <span class='ocrx_word' id='word_1_54' title='bbox 1303 2432 1412 2507; x_wconf 90' lang='lat' dir='ltr'>baberi</span> 
     </span>
     <span class='ocr_line' id='line_1_10' title="bbox 288 2543 1411 2638; baseline 0.005 -23"><span class='ocrx_word' id='word_1_55' title='bbox 288 2543 319 2615; x_wconf 94' lang='lat' dir='ltr'>in</span> <span class='ocrx_word' id='word_1_56' title='bbox 349 2544 455 2626; x_wconf 83' lang='lat' dir='ltr'>rudis,</span> <span class='ocrx_word' id='word_1_57' title='bbox 475 2547 517 2615; x_wconf 91' lang='lat' dir='ltr'>ob</span> <span class='ocrx_word' id='word_1_58' title='bbox 532 2568 669 2635; x_wconf 80' lang='lat' dir='ltr'>purorum</span> <span class='ocrx_word' id='word_1_59' title='bbox 683 2547 838 2617; x_wconf 89' lang='lat' dir='ltr'>bonorem</span> <span class='ocrx_word' id='word_1_60' title='bbox 855 2547 925 2618; x_wconf 77' lang='lat' dir='ltr'>buo</span> <span class='ocrx_word' id='word_1_61' title='bbox 939 2568 1036 2638; x_wconf 86' lang='lat' dir='ltr'>agero</span> <span class='ocrx_word' id='word_1_62' title='bbox 1055 2548 1226 2619; x_wconf 88' lang='lat' dir='ltr'>studemus</span> <span class='ocrx_word' id='word_1_63' title='bbox 1252 2546 1284 2619; x_wconf 95' lang='lat' dir='ltr'>iu</span> <span class='ocrx_word' id='word_1_64' title='bbox 1304 2548 1411 2622; x_wconf 89' lang='lat' dir='ltr'>terris.</span> 
     </span>
     <span class='ocr_line' id='line_1_11' title="bbox 286 2658 1413 2753; baseline 0.004 -21"><span class='ocrx_word' id='word_1_65' title='bbox 286 2663 322 2732; x_wconf 82' lang='lat' dir='ltr'>Bt</span> <span class='ocrx_word' id='word_1_66' title='bbox 348 2683 542 2751; x_wconf 75' lang='lat' dir='ltr'>quamquam</span> <span class='ocrx_word' id='word_1_67' title='bbox 558 2658 602 2730; x_wconf 93' lang='lat' dir='ltr'>nil</span> <span class='ocrx_word' id='word_1_68' title='bbox 618 2659 686 2732; x_wconf 91' lang='lat' dir='ltr'>illis</span> <span class='ocrx_word' id='word_1_69' title='bbox 702 2660 824 2753; x_wconf 69' lang='lat' dir='ltr'>praemii</span> <span class='ocrx_word' id='word_1_70' title='bbox 845 2665 1029 2732; x_wconf 85' lang='lat' dir='ltr'>eonleratnr</span> <span class='ocrx_word' id='word_1_71' title='bbox 1047 2659 1184 2741; x_wconf 90' lang='lat' dir='ltr'>anobis,</span> <span class='ocrx_word' id='word_1_72' title='bbox 1201 2660 1295 2734; x_wconf 86' lang='lat' dir='ltr'>nobis</span> <span class='ocrx_word' id='word_1_73' title='bbox 1306 2676 1413 2736; x_wconf 74' lang='lat' dir='ltr'>umen</span> 
     </span>
     <span class='ocr_line' id='line_1_12' title="bbox 287 2772 1412 2865; baseline 0.003 -20"><span class='ocrx_word' id='word_1_74' title='bbox 287 2798 413 2846; x_wconf 86' lang='lat' dir='ltr'>merces</span> <span class='ocrx_word' id='word_1_75' title='bbox 451 2772 617 2863; x_wconf 76' lang='lat' dir='ltr'>religionis</span> <span class='ocrx_word' id='word_1_76' title='bbox 653 2787 867 2864; x_wconf 69' lang='lat' dir='ltr'>augmentata&gt;</span> <span class='ocrx_word' id='word_1_77' title='bbox 910 2773 1101 2865; x_wconf 80' lang='lat' dir='ltr'>adquiritur,</span> <span class='ocrx_word' id='word_1_78' title='bbox 1143 2789 1177 2847; x_wconf 91' lang='lat' dir='ltr'>et</span> <span class='ocrx_word' id='word_1_79' title='bbox 1210 2798 1275 2846; x_wconf 91' lang='lat' dir='ltr'>oon</span> <span class='ocrx_word' id='word_1_80' title='bbox 1306 2777 1412 2848; x_wconf 71' lang='lat' dir='ltr'>solun</span> 
     </span>
     <span class='ocr_line' id='line_1_13' title="bbox 287 2885 1413 2978; baseline 0.001 -20"><span class='ocrx_word' id='word_1_81' title='bbox 287 2893 401 2958; x_wconf 80' lang='lat' dir='ltr'>luturn</span> <span class='ocrx_word' id='word_1_82' title='bbox 428 2885 634 2978; x_wconf 73' lang='lat' dir='ltr'>repensionis</span> <span class='ocrx_word' id='word_1_83' title='bbox 667 2890 803 2959; x_wconf 75' lang='lat' dir='ltr'>‹lanario</span> <span class='ocrx_word' id='word_1_84' title='bbox 836 2909 897 2958; x_wconf 89' lang='lat' dir='ltr'>nos</span> <span class='ocrx_word' id='word_1_85' title='bbox 925 2887 1018 2957; x_wconf 87' lang='lat' dir='ltr'>ditari</span> <span class='ocrx_word' id='word_1_86' title='bbox 1048 2886 1256 2972; x_wconf 87' lang='lat' dir='ltr'>eonddimns,</span> <span class='ocrx_word' id='word_1_87' title='bbox 1289 2890 1348 2960; x_wconf 84' lang='lat' dir='ltr'>sed</span> <span class='ocrx_word' id='word_1_88' title='bbox 1380 2903 1413 2961; x_wconf 86' lang='lat' dir='ltr'>et</span> 
     </span>
     <span class='ocr_line' id='line_1_14' title="bbox 288 2999 1415 3095; baseline 0.004 -25"><span class='ocrx_word' id='word_1_89' title='bbox 288 3003 458 3094; x_wconf 59' lang='lat' dir='ltr'>praesentis</span> <span class='ocrx_word' id='word_1_90' title='bbox 478 2999 550 3071; x_wconf 80' lang='lat' dir='ltr'>sitm</span> <span class='ocrx_word' id='word_1_91' title='bbox 564 2999 724 3071; x_wconf 81' lang='lat' dir='ltr'>curriculo</span> <span class='ocrx_word' id='word_1_92' title='bbox 738 3003 778 3070; x_wconf 92' lang='lat' dir='ltr'>ab</span> <span class='ocrx_word' id='word_1_93' title='bbox 799 2999 1042 3071; x_wconf 88' lang='lat' dir='ltr'>imminentibus</span> <span class='ocrx_word' id='word_1_94' title='bbox 1071 3000 1267 3072; x_wconf 87' lang='lat' dir='ltr'>anaietatum</span> <span class='ocrx_word' id='word_1_95' title='bbox 1288 3001 1415 3095; x_wconf 85' lang='lat' dir='ltr'>pericn-</span> 
     </span>
     <span class='ocr_line' id='line_1_15' title="bbox 288 3113 1414 3200; baseline 0.001 -14"><span class='ocrx_word' id='word_1_96' title='bbox 288 3117 340 3197; x_wconf 86' lang='lat' dir='ltr'>lis,</span> <span class='ocrx_word' id='word_1_97' title='bbox 360 3115 482 3187; x_wconf 86' lang='lat' dir='ltr'>eisdem</span> <span class='ocrx_word' id='word_1_98' title='bbox 495 3113 796 3200; x_wconf 83' lang='lat' dir='ltr'>interuenientibus,</span> <span class='ocrx_word' id='word_1_99' title='bbox 811 3114 976 3188; x_wconf 88' lang='lat' dir='ltr'>nudtoties</span> <span class='ocrx_word' id='word_1_100' title='bbox 995 3114 1135 3187; x_wconf 88' lang='lat' dir='ltr'>liberari.</span> <span class='ocrx_word' id='word_1_101' title='bbox 1155 3119 1219 3188; x_wconf 83' lang='lat' dir='ltr'>Nee</span> <span class='ocrx_word' id='word_1_102' title='bbox 1238 3114 1312 3189; x_wconf 83' lang='lat' dir='ltr'>ideo</span> <span class='ocrx_word' id='word_1_103' title='bbox 1326 3115 1414 3188; x_wconf 83' lang='lat' dir='ltr'>dilli-</span> 
     </span>
     <span class='ocr_line' id='line_1_16' title="bbox 288 3230 1411 3323; baseline 0.003 -23"><span class='ocrx_word' id='word_1_104' title='bbox 288 3230 395 3301; x_wconf 89' lang='lat' dir='ltr'>dirnus</span> <span class='ocrx_word' id='word_1_105' title='bbox 415 3230 441 3301; x_wconf 90' lang='lat' dir='ltr'>ai</span> <span class='ocrx_word' id='word_1_106' title='bbox 463 3254 527 3301; x_wconf 95' lang='lat' dir='ltr'>uon</span> <span class='ocrx_word' id='word_1_107' title='bbox 548 3233 729 3323; x_wconf 86' lang='lat' dir='ltr'>semperab</span> <span class='ocrx_word' id='word_1_108' title='bbox 749 3230 881 3302; x_wconf 81' lang='lat' dir='ltr'>instanti</span> <span class='ocrx_word' id='word_1_109' title='bbox 901 3231 1049 3322; x_wconf 90' lang='lat' dir='ltr'>angustia</span> <span class='ocrx_word' id='word_1_110' title='bbox 1078 3230 1310 3318; x_wconf 77' lang='lat' dir='ltr'>subtrahimur,</span> <span class='ocrx_word' id='word_1_111' title='bbox 1336 3254 1411 3305; x_wconf 86' lang='lat' dir='ltr'>eum</span> 
     </span>
    </p>
   </div>
   <div class='ocr_carea' id='block_1_6' title="bbox 288 3344 1413 3549">
    <p class='ocr_par' dir='ltr' id='par_1_6' title="bbox 288 3344 1413 3549">
     <span class='ocr_line' id='line_1_17' title="bbox 288 3344 1412 3437; baseline 0.002 -21"><span class='ocrx_word' id='word_1_112' title='bbox 288 3359 414 3417; x_wconf 89' lang='lat' dir='ltr'>constet</span> <span class='ocrx_word' id='word_1_113' title='bbox 431 3347 563 3433; x_wconf 81' lang='lat' dir='ltr'>rosdetn</span> <span class='ocrx_word' id='word_1_114' title='bbox 583 3358 728 3428; x_wconf 87' lang='lat' dir='ltr'>sanctos,</span> <span class='ocrx_word' id='word_1_115' title='bbox 749 3358 783 3415; x_wconf 93' lang='lat' dir='ltr'>ut</span> <span class='ocrx_word' id='word_1_116' title='bbox 803 3348 1007 3436; x_wconf 86' lang='lat' dir='ltr'>postmodum</span> <span class='ocrx_word' id='word_1_117' title='bbox 1022 3347 1125 3436; x_wconf 76' lang='lat' dir='ltr'>plenu</span> <span class='ocrx_word' id='word_1_118' title='bbox 1139 3344 1300 3417; x_wconf 86' lang='lat' dir='ltr'>lelieitatis</span> <span class='ocrx_word' id='word_1_119' title='bbox 1312 3344 1412 3437; x_wconf 89' lang='lat' dir='ltr'>gloria</span> 
     </span>
     <span class='ocr_line' id='line_1_18' title="bbox 290 3454 1413 3549; baseline 0.004 -22"><span class='ocrx_word' id='word_1_120' title='bbox 290 3459 478 3549; x_wconf 78' lang='lat' dir='ltr'>potirentur,</span> <span class='ocrx_word' id='word_1_121' title='bbox 514 3456 683 3549; x_wconf 62' lang='lat' dir='ltr'>praesentis</span> <span class='ocrx_word' id='word_1_122' title='bbox 721 3456 810 3548; x_wconf 90' lang='lat' dir='ltr'>regni</span> <span class='ocrx_word' id='word_1_123' title='bbox 851 3455 1110 3529; x_wconf 77' lang='lat' dir='ltr'>tribulationibus</span> <span class='ocrx_word' id='word_1_124' title='bbox 1153 3454 1335 3541; x_wconf 84' lang='lat' dir='ltr'>tribulatos,</span> <span class='ocrx_word' id='word_1_125' title='bbox 1374 3479 1413 3531; x_wconf 84' lang='lat' dir='ltr'>ae</span> 
     </span>
    </p>
   </div>
   <div class='ocr_carea' id='block_1_7' title="bbox 288 3570 1415 4814">
    <p class='ocr_par' dir='ltr' id='par_1_7' title="bbox 288 3570 1415 4814">
     <span class='ocr_line' id='line_1_19' title="bbox 289 3570 1412 3662; baseline 0.002 -20"><span class='ocrx_word' id='word_1_126' title='bbox 289 3574 384 3645; x_wconf 79' lang='lat' dir='ltr'>uariis</span> <span class='ocrx_word' id='word_1_127' title='bbox 403 3571 642 3644; x_wconf 73' lang='lat' dir='ltr'>tribulationum</span> <span class='ocrx_word' id='word_1_128' title='bbox 668 3570 903 3644; x_wconf 73' lang='lat' dir='ltr'>solimitatibus</span> <span class='ocrx_word' id='word_1_129' title='bbox 927 3583 1054 3643; x_wconf 84' lang='lat' dir='ltr'>rexatus</span> <span class='ocrx_word' id='word_1_130' title='bbox 1077 3592 1165 3654; x_wconf 90' lang='lat' dir='ltr'>esse,</span> <span class='ocrx_word' id='word_1_131' title='bbox 1187 3593 1270 3662; x_wconf 80' lang='lat' dir='ltr'>quos</span> <span class='ocrx_word' id='word_1_132' title='bbox 1306 3584 1412 3644; x_wconf 74' lang='lat' dir='ltr'>umen</span> 
     </span>
     <span class='ocr_line' id='line_1_20' title="bbox 288 3684 1412 3780; baseline 0 -21"><span class='ocrx_word' id='word_1_133' title='bbox 288 3688 319 3761; x_wconf 92' lang='lat' dir='ltr'>in</span> <span class='ocrx_word' id='word_1_134' title='bbox 352 3687 468 3758; x_wconf 83' lang='lat' dir='ltr'>talibus</span> <span class='ocrx_word' id='word_1_135' title='bbox 503 3685 678 3759; x_wconf 78' lang='lat' dir='ltr'>ebornino</span> <span class='ocrx_word' id='word_1_136' title='bbox 715 3689 852 3758; x_wconf 84' lang='lat' dir='ltr'>dilectos</span> <span class='ocrx_word' id='word_1_137' title='bbox 882 3685 981 3758; x_wconf 91' lang='lat' dir='ltr'>tuisse</span> <span class='ocrx_word' id='word_1_138' title='bbox 1013 3708 1110 3758; x_wconf 87' lang='lat' dir='ltr'>uerno</span> <span class='ocrx_word' id='word_1_139' title='bbox 1140 3684 1271 3780; x_wconf 77' lang='lat' dir='ltr'>sepiem</span> <span class='ocrx_word' id='word_1_140' title='bbox 1297 3708 1412 3759; x_wconf 73' lang='lat' dir='ltr'>noum</span> 
     </span>
     <span class='ocr_line' id='line_1_21' title="bbox 288 3799 1415 3896; baseline 0.002 -23"><span class='ocrx_word' id='word_1_141' title='bbox 288 3804 424 3896; x_wconf 75' lang='lat' dir='ltr'>ignorat.</span> <span class='ocrx_word' id='word_1_142' title='bbox 444 3804 506 3873; x_wconf 85' lang='lat' dir='ltr'>Sed</span> <span class='ocrx_word' id='word_1_143' title='bbox 527 3815 558 3873; x_wconf 87' lang='lat' dir='ltr'>et</span> <span class='ocrx_word' id='word_1_144' title='bbox 574 3804 686 3873; x_wconf 87' lang='lat' dir='ltr'>uadem</span> <span class='ocrx_word' id='word_1_145' title='bbox 701 3803 770 3873; x_wconf 85' lang='lat' dir='ltr'>luca</span> <span class='ocrx_word' id='word_1_146' title='bbox 790 3815 976 3873; x_wconf 83' lang='lat' dir='ltr'>sanctorum</span> <span class='ocrx_word' id='word_1_147' title='bbox 997 3822 1200 3893; x_wconf 79' lang='lat' dir='ltr'>nequaqnam</span> <span class='ocrx_word' id='word_1_148' title='bbox 1220 3799 1415 3875; x_wconf 87' lang='lat' dir='ltr'>arbitramur</span> 
     </span>
     <span class='ocr_line' id='line_1_22' title="bbox 288 3913 1410 4008; baseline 0.003 -22"><span class='ocrx_word' id='word_1_149' title='bbox 288 3920 424 3988; x_wconf 84' lang='lat' dir='ltr'>honeste</span> <span class='ocrx_word' id='word_1_150' title='bbox 448 3938 546 4008; x_wconf 89' lang='lat' dir='ltr'>posse</span> <span class='ocrx_word' id='word_1_151' title='bbox 564 3917 704 4002; x_wconf 80' lang='lat' dir='ltr'>tractari,</span> <span class='ocrx_word' id='word_1_152' title='bbox 721 3913 748 3986; x_wconf 92' lang='lat' dir='ltr'>si</span> <span class='ocrx_word' id='word_1_153' title='bbox 769 3914 833 3986; x_wconf 84' lang='lat' dir='ltr'>illis</span> <span class='ocrx_word' id='word_1_154' title='bbox 853 3914 992 3987; x_wconf 88' lang='lat' dir='ltr'>Domino</span> <span class='ocrx_word' id='word_1_155' title='bbox 1024 3929 1136 3988; x_wconf 92' lang='lat' dir='ltr'>nostro</span> <span class='ocrx_word' id='word_1_156' title='bbox 1168 3919 1246 3988; x_wconf 89' lang='lat' dir='ltr'>lesu</span> <span class='ocrx_word' id='word_1_157' title='bbox 1282 3915 1410 3990; x_wconf 84' lang='lat' dir='ltr'>Cbristo</span> 
     </span>
     <span class='ocr_line' id='line_1_23' title="bbox 288 4028 1413 4124; baseline 0.001 -23"><span class='ocrx_word' id='word_1_158' title='bbox 288 4030 515 4101; x_wconf 71' lang='lat' dir='ltr'>famulantibus</span> <span class='ocrx_word' id='word_1_159' title='bbox 558 4042 591 4100; x_wconf 91' lang='lat' dir='ltr'>et</span> <span class='ocrx_word' id='word_1_160' title='bbox 623 4028 942 4105; x_wconf 78' lang='lat' dir='ltr'>divinumodleium</span> <span class='ocrx_word' id='word_1_161' title='bbox 991 4028 1249 4121; x_wconf 74' lang='lat' dir='ltr'>persolventibus</span> <span class='ocrx_word' id='word_1_162' title='bbox 1294 4029 1413 4124; x_wconf 80' lang='lat' dir='ltr'>stipem</span> 
     </span>
     <span class='ocr_line' id='line_1_24' title="bbox 288 4141 1412 4235; baseline 0.001 -21"><span class='ocrx_word' id='word_1_163' title='bbox 288 4144 426 4216; x_wconf 88' lang='lat' dir='ltr'>debitam</span> <span class='ocrx_word' id='word_1_164' title='bbox 439 4146 650 4234; x_wconf 74' lang='lat' dir='ltr'>denegemus,</span> <span class='ocrx_word' id='word_1_165' title='bbox 667 4158 697 4215; x_wconf 80' lang='lat' dir='ltr'>et</span> <span class='ocrx_word' id='word_1_166' title='bbox 712 4165 750 4214; x_wconf 85' lang='lat' dir='ltr'>ea</span> <span class='ocrx_word' id='word_1_167' title='bbox 764 4166 836 4235; x_wconf 78' lang='lat' dir='ltr'>nun</span> <span class='ocrx_word' id='word_1_168' title='bbox 846 4141 899 4214; x_wconf 89' lang='lat' dir='ltr'>alii</span> <span class='ocrx_word' id='word_1_169' title='bbox 919 4145 963 4214; x_wconf 85' lang='lat' dir='ltr'>ob</span> <span class='ocrx_word' id='word_1_170' title='bbox 981 4145 1217 4215; x_wconf 73' lang='lat' dir='ltr'>redeuntum·</span> <span class='ocrx_word' id='word_1_171' title='bbox 1230 4141 1412 4216; x_wconf 85' lang='lat' dir='ltr'>animarum</span> 
     </span>
     <span class='ocr_line' id='line_1_25' title="bbox 289 4254 1413 4348; baseline 0.001 -21"><span class='ocrx_word' id='word_1_172' title='bbox 289 4280 417 4327; x_wconf 86' lang='lat' dir='ltr'>suarum</span> <span class='ocrx_word' id='word_1_173' title='bbox 440 4257 658 4342; x_wconf 85' lang='lat' dir='ltr'>contulerunt,</span> <span class='ocrx_word' id='word_1_174' title='bbox 676 4269 785 4326; x_wconf 91' lang='lat' dir='ltr'>nostra</span> <span class='ocrx_word' id='word_1_175' title='bbox 804 4254 935 4327; x_wconf 77' lang='lat' dir='ltr'>auaritia</span> <span class='ocrx_word' id='word_1_176' title='bbox 951 4257 1193 4347; x_wconf 85' lang='lat' dir='ltr'>detorquemus.</span> <span class='ocrx_word' id='word_1_177' title='bbox 1209 4264 1413 4348; x_wconf 80' lang='lat' dir='ltr'>Quapropter</span> 
     </span>
     <span class='ocr_line' id='line_1_26' title="bbox 289 4367 1413 4462; baseline 0.001 -21"><span class='ocrx_word' id='word_1_178' title='bbox 289 4369 421 4441; x_wconf 87' lang='lat' dir='ltr'>minime</span> <span class='ocrx_word' id='word_1_179' title='bbox 440 4368 649 4440; x_wconf 86' lang='lat' dir='ltr'>dubitandum</span> <span class='ocrx_word' id='word_1_180' title='bbox 669 4382 720 4441; x_wconf 87' lang='lat' dir='ltr'>est</span> <span class='ocrx_word' id='word_1_181' title='bbox 743 4370 874 4441; x_wconf 73' lang='lat' dir='ltr'>uternis</span> <span class='ocrx_word' id='word_1_182' title='bbox 897 4390 958 4443; x_wconf 87' lang='lat' dir='ltr'>nos</span> <span class='ocrx_word' id='word_1_183' title='bbox 973 4367 1139 4462; x_wconf 78' lang='lat' dir='ltr'>supplicius</span> <span class='ocrx_word' id='word_1_184' title='bbox 1157 4367 1363 4461; x_wconf 74' lang='lat' dir='ltr'>affligendos,</span> <span class='ocrx_word' id='word_1_185' title='bbox 1384 4367 1413 4442; x_wconf 87' lang='lat' dir='ltr'>ai</span> 
     </span>
     <span class='ocr_line' id='line_1_27' title="bbox 289 4482 1414 4580; baseline 0.003 -24"><span class='ocrx_word' id='word_1_186' title='bbox 289 4484 422 4557; x_wconf 75' lang='lat' dir='ltr'>alioruin</span> <span class='ocrx_word' id='word_1_187' title='bbox 438 4497 583 4556; x_wconf 80' lang='lat' dir='ltr'>notatam</span> <span class='ocrx_word' id='word_1_188' title='bbox 604 4484 772 4557; x_wconf 87' lang='lat' dir='ltr'>temerarie</span> <span class='ocrx_word' id='word_1_189' title='bbox 795 4483 994 4580; x_wconf 78' lang='lat' dir='ltr'>applicamus</span> <span class='ocrx_word' id='word_1_190' title='bbox 1022 4482 1135 4557; x_wconf 88' lang='lat' dir='ltr'>usibus</span> <span class='ocrx_word' id='word_1_191' title='bbox 1154 4482 1291 4557; x_wconf 89' lang='lat' dir='ltr'>uostris.</span> <span class='ocrx_word' id='word_1_192' title='bbox 1324 4485 1414 4559; x_wconf 86' lang='lat' dir='ltr'>Unde</span> 
     </span>
     <span class='ocr_line' id='line_1_28' title="bbox 289 4599 1414 4694; baseline 0.001 -21"><span class='ocrx_word' id='word_1_193' title='bbox 289 4599 384 4673; x_wconf 89' lang='lat' dir='ltr'>etiam</span> <span class='ocrx_word' id='word_1_194' title='bbox 405 4603 570 4692; x_wconf 81' lang='lat' dir='ltr'>cujusdam</span> <span class='ocrx_word' id='word_1_195' title='bbox 585 4600 642 4672; x_wconf 79' lang='lat' dir='ltr'>siri</span> <span class='ocrx_word' id='word_1_196' title='bbox 657 4599 813 4693; x_wconf 87' lang='lat' dir='ltr'>sapientis</span> <span class='ocrx_word' id='word_1_197' title='bbox 832 4604 1044 4674; x_wconf 86' lang='lat' dir='ltr'>admonemur</span> <span class='ocrx_word' id='word_1_198' title='bbox 1063 4600 1282 4689; x_wconf 82' lang='lat' dir='ltr'>documentis,</span> <span class='ocrx_word' id='word_1_199' title='bbox 1294 4599 1414 4694; x_wconf 77' lang='lat' dir='ltr'>quibus</span> 
     </span>
     <span class='ocr_line' id='line_1_29' title="bbox 289 4714 1414 4814; baseline -0.003 -21"><span class='ocrx_word' id='word_1_200' title='bbox 289 4714 332 4793; x_wconf 73' lang='lat' dir='ltr'>ait</span> <span class='ocrx_word' id='word_1_201' title='bbox 354 4719 459 4789; x_wconf 75' lang='lat' dir='ltr'>:eluto</span> <span class='ocrx_word' id='word_1_202' title='bbox 477 4727 612 4789; x_wconf 69' lang='lat' dir='ltr'>anorum</span> <span class='ocrx_word' id='word_1_203' title='bbox 629 4739 780 4812; x_wconf 82' lang='lat' dir='ltr'>proepuru</span> <span class='ocrx_word' id='word_1_204' title='bbox 803 4720 864 4789; x_wconf 80' lang='lat' dir='ltr'>lidi</span> <span class='ocrx_word' id='word_1_205' title='bbox 884 4721 1051 4811; x_wconf 73' lang='lat' dir='ltr'>iustitium</span> <span class='ocrx_word' id='word_1_206' title='bbox 1082 4719 1239 4814; x_wconf 74' lang='lat' dir='ltr'>ganniens</span> <span class='ocrx_word' id='word_1_207' title='bbox 1267 4738 1336 4789; x_wconf 76' lang='lat' dir='ltr'>nou</span> <span class='ocrx_word' id='word_1_208' title='bbox 1367 4726 1414 4790; x_wconf 77' lang='lat' dir='ltr'>esd</span> 
     </span>
    </p>
   </div>
   <div class='ocr_carea' id='block_1_8' title="bbox 0 0 1715 5490">
    <p class='ocr_par' dir='ltr' id='par_1_8' title="bbox 0 0 1715 5490">
     <span class='ocr_line' id='line_1_30' title="bbox 0 0 1715 5490; baseline 0 0"><span class='ocrx_word' id='word_1_209' title='bbox 0 0 1715 5490; x_wconf 95' lang='lat' dir='ltr'> </span> 
     </span>
    </p>
   </div>
  </div>
 </body>
</html>
