3420 5490
764 668 803 681 -
824 634 884 696 352
905 667 943 680 ..

293 762 438 831 secondo
468 761 540 830 loco
568 773 673 829 moret
696 770 729 828 ut
753 757 871 827 dicitur
897 755 980 826 dicta
1001 756 1138 839 decima,
1158 757 1367 828 laudaverunt
1384 768 1417 829 et

293 870 547 961 approbaverunt
569 865 785 937 venditionem
801 864 993 936 antedictam
1008 877 1151 936 etenum
1167 866 1295 935 lendum
1314 887 1418 936 amor·

293 984 506 1064 tilicarerunt,
529 978 766 1073 promittentes,
793 989 880 1052 eto...
914 981 949 1048 lu
977 980 1069 1069 cujus
1099 976 1144 1050 rei
1175 975 1361 1071 memoriam
1385 991 1418 1051 ot

292 1093 510 1165 testimonium
541 1106 708 1183 presentes
728 1092 851 1162 litteras
877 1094 917 1160 ad
947 1090 1135 1182 petitionem
1164 1088 1300 1181 partium
1320 1089 1417 1180 sipilli

291 1205 393 1277 nostri
412 1203 592 1275 munimine
612 1203 747 1275 lecimus
766 1205 920 1274 roborari.
951 1206 1067 1274 Ilatum
1086 1224 1172 1273 anno
1191 1202 1320 1274 Domini
1339 1202 1418 1272 llcc

291 1316 457 1389 tricesimo
476 1338 573 1403 nono,
593 1337 706 1391 menso
725 1313 896 1387 februario.

783 1697 923 1760 cclviii

739 2000 868 2065 Fortior
890 1999 967 2063 teto

291 2278 353 2335 non
368 2296 418 2352 par
430 2277 577 2350 lidgnaud
591 2277 762 2334 archidioore
776 2278 812 2333 ds
824 2277 955 2350 Solopno,
971 2293 1007 2333 au
1022 2277 1148 2349 chspitrs
1161 2276 1197 2333 do
1209 2276 1363 2347 Sto-croix,
1378 2276 1415 2334 de

326 2375 353 2432 ln
368 2376 442 2431 dimo
456 2375 571 2431 aeliotes
589 2391 640 2448 par
660 2374 710 2445 lui,
725 2390 761 2430 en
775 2374 802 2429 la
817 2374 942 2447 paroisse
954 2373 989 2429 do
1004 2374 1115 2444 losnss,
1130 2372 1257 2444 d'llenri,
1272 2374 1364 2445 dopen
1377 2372 1414 2429 de

328 2470 656 2539 St·l‘ierre·lel>uellier‚
672 2487 743 2544 pour
761 2471 803 2526 les
816 2486 940 2527 revenus
953 2486 989 2526 sn
1003 2472 1063 2525 etro
1077 2468 1256 2527 distribudsi
1270 2470 1296 2543 [a
1308 2468 1364 2525 tete
1378 2469 1414 2525 de

330 2565 552 2632 Sto-(latherins‚
568 2567 656 2637 pertis
670 2581 724 2622 aux
737 2566 890 2621 ohanninos
904 2570 932 2620 sl
945 2565 1034 2637 partis
1048 2581 1102 2620 aaa
1117 2564 1272 2620 nourriers.

521 2712 615 2783 (Orip.
630 2729 654 2767 s.
672 2712 767 2784 purch.
783 2712 868 2767 Arolr.
884 2711 922 2767 dn
937 2709 1040 2780 loiret,
1055 2710 1089 2766 (l.
1103 2708 1179 2778 333).

337 2952 498 3026 Universis
525 2965 691 3047 presentes
713 2951 834 3025 litteras
862 2950 1057 3045 inspecturis
1081 2950 1288 3045 niginaldus,
1307 2950 1413 3027 arclri·

290 3067 448 3149 diaconus
467 3071 665 3161 Sipalouuie,
690 3072 825 3140 salutem
853 3066 885 3138 iu
911 3069 1061 3140 Domino.
1091 3066 1243 3141 Norerint
1269 3068 1411 3143 uniuersi

288 3185 374 3275 quod
405 3207 466 3275 ego
494 3182 566 3254 dcdi
595 3198 627 3254 et
655 3185 804 3254 concessi
837 3182 974 3253 ecclesie
1005 3180 1225 3255 Aurelianensi
1252 3182 1413 3255 decimam

288 3294 381 3366 sitam
415 3296 447 3365 io
480 3294 647 3387 parrochia
676 3297 716 3366 de
744 3298 880 3380 launna,
901 3316 997 3384 qnam
1017 3317 1158 3365 emeram
1184 3299 1224 3365 alr
1260 3296 1411 3380 ilenrico,

288 3411 411 3480 deceno
441 3409 548 3481 Sancti
578 3408 662 3480 Petri
683 3410 862 3479 l‘nellarom
883 3406 1133 3490 durreliaueusia‚
1165 3410 1205 3479 ad
1229 3432 1313 3503 opus
1338 3408 1413 3482 testi

288 3536 399 3594 sancte
420 3520 580 3605 llaterine,
612 3521 654 3594 ita
682 3524 767 3613 qood
793 3535 967 3614 proventus
996 3520 1081 3593 dicte
1108 3520 1234 3594 decimo
1263 3522 1295 3593 in
1323 3526 1413 3595 dicto

289 3640 371 3708 lesio
395 3637 507 3728 partim
527 3634 692 3708 canonicis
711 3638 797 3708 dicte
822 3634 960 3708 ecclesie
989 3635 1226 3710 Aurelianensis
1244 3652 1277 3709 et
1296 3636 1412 3731 partim

288 3749 434 3823 nutriciis
454 3753 598 3842 ejusdem
619 3750 756 3824 ecclesie
771 3753 860 3842 juata
874 3749 1109 3823 ordinationem
1128 3751 1240 3825 decani
1266 3766 1298 3825 et
1324 3754 1412 3847 capi·

288 3867 345 3939 tuli
374 3866 611 3939 Aurelianensis
642 3866 885 3940 distribuentur.
921 3871 1032 3939 lotum
1058 3890 1144 3942 anno
1174 3868 1302 3941 llomini
1333 3872 1411 3941 100

288 3982 453 4055 tricesimo
471 4006 571 4068 norro,
593 4006 704 4055 mense
720 3986 890 4055 loirrnario.
