3420 5490
779 1069 896 1130 cxttv

520 1344 553 1405 S.
571 1341 744 1424 lrotrrorltle
758 1342 855 1414 stols,
870 1344 1061 1424 septembre
1079 1343 1166 1407 Μ.

287 1597 371 1653 Enlre
381 1596 422 1651 les
435 1595 525 1652 mains
540 1596 589 1652 des
604 1595 738 1665 delepnes
752 1595 790 1650 (lu
806 1594 987 1667 Salat-Siste.
1005 1595 1122 1666 llupues
1135 1594 1210 1652 lllsol
1226 1601 1253 1651 et
1265 1611 1311 1652 ses
1325 1594 1413 1653 lrlres

322 1692 521 1749 abandonnenl
544 1690 568 1748 ln
595 1698 657 1765 part
685 1693 723 1747 du
752 1691 825 1749 droit
844 1693 927 1765 qu'ils
954 1690 1106 1765 pomedenl
1134 1707 1170 1747 an
1198 1698 1352 1765 petronate
1379 1693 1415 1748 tls

322 1788 428 1857 l'lglise
443 1788 478 1844 (le
490 1791 600 1857 lesnes,
616 1788 826 1844 reconnaissent
836 1804 892 1860 que
907 1793 1059 1859 patronnpe
1075 1791 1102 1842 st
1112 1787 1302 1859 presentalion
1317 1803 1415 1860 appar·

322 1884 449 1939 tiennenl
464 1885 478 1938 l
492 1883 696 1941 ssime-Greia.

529 2024 620 2094 (Oris.
636 2039 660 2079 s.
677 2023 774 2095 parolr.
787 2023 873 2078 Aren.
885 2022 923 2078 tln
938 2022 1042 2094 lmlret,
1052 2023 1087 2079 G.
1097 2022 1165 2093 338)

332 2237 529 2329 lllrnaldnsl,
556 2237 640 2307 llesti
657 2237 844 2308 launomari
859 2239 959 2307 abbas
975 2235 1116 2321 humilis,
1134 2239 1189 2319 ll„
1205 2234 1293 2328 prior
1308 2235 1414 2309 Sancti

287 2350 451 2434 Honorati,
466 2354 516 2433 tt,
528 2353 670 2422 decanus
685 2348 860 2432 Blesensis‚
877 2351 1029 2422 omnious
1047 2349 1078 2420 in
1097 2363 1300 2443 perpetuum.
1316 2353 1415 2422 llore-

285 2463 498 2554 rintlnnirorsi
516 2477 683 2556 presentes
695 2463 818 2536 litteras
831 2463 1020 2557 inspecturi,
1033 2465 1119 2556 qnod
1131 2465 1296 2538 eontentio
1312 2478 1414 2536 serte-

287 2583 379 2650 lratnr
392 2601 499 2649 eoram
514 2577 607 2649 nobis
618 2579 810 2650 auctoritate
826 2578 1001 2670 apostoliea
1013 2578 1282 2670 intercapitulum
1298 2582 1415 2649 Sancte

286 2696 398 2763 Crneis
420 2691 670 2774 Aurelianensis,
688 2714 724 2762 er
740 2715 801 2762 una
823 2705 925 2784 parte,
940 2704 973 2762 et
994 2694 1159 2782 llugonem
1174 2693 1259 2762 llisol
1280 2689 1413 2763 militem

288 2821 321 2877 et
337 2811 451 2878 tratres
465 2809 547 2895 ejus,
563 2828 599 2877 er
621 2808 733 2888 altera,
751 2829 849 2897 super
870 2819 1070 2897 patronatum
1094 2805 1233 2877 ecclesie
1248 2806 1289 2877 de
1306 2809 1414 2877 (leona

289 2935 321 2991 et
342 2917 581 3012 presentatione
599 2941 737 3009 persone
753 2921 786 2989 in
802 2921 927 2991 eadem.
950 2921 1093 2990 Tandem
1119 2918 1197 2991 dieti
1220 2922 1309 3009 llupo
1330 2919 1414 2991 llisol

288 3048 319 3104 et
333 3037 447 3104 lratres
468 3036 536 3123 ejus
555 3055 663 3105 eoram
685 3032 778 3103 uoltis
808 3048 1065 3122 recognoverunt
1096 3056 1132 3105 se
1163 3035 1293 3125 penitus
1316 3031 1414 3106 nioltil

285 3147 366 3239 juris
386 3150 504 3219 lralrere
532 3146 564 3217 in
584 3149 730 3239 ejusdem
755 3147 894 3219 ecclesie
925 3162 1092 3240 patronatu
1119 3162 1149 3218 et
1176 3146 1415 3239 presentatioue

290 3285 429 3355 persone
449 3261 480 3331 in
501 3263 674 3344 eademst
694 3274 896 3352 patronatum
920 3264 1067 3354 ejusdem
1088 3275 1120 3332 et
1141 3259 1413 3353 presentationem

291 3397 428 3467 persone
456 3374 486 3442 in
507 3375 619 3445 eadem
639 3375 679 3443 ad
708 3373 880 3444 eeclesiam
896 3379 1012 3445 Sancte
1046 3372 1157 3445 Crucis
1176 3372 1415 3447 Aurelianensis

292 3486 465 3579 pertinere,
481 3486 552 3558 etsi
568 3489 740 3579 quidjuris
768 3488 929 3558 habebant
949 3486 980 3558 in
997 3502 1165 3579 patronatu
1194 3501 1227 3559 et
1250 3502 1416 3582 presenta-

291 3605 380 3676 tione
399 3626 536 3695 persone
564 3601 594 3672 in
620 3605 747 3683 eadem,
776 3601 806 3673 in
838 3627 933 3674 manu
963 3618 1070 3675 nostra
1105 3605 1322 3693 resignarunt.
1352 3605 1416 3674 llos

290 3714 476 3805 solempni
494 3738 591 3806 super
610 3715 750 3806 predicta
764 3739 890 3786 eausaa
909 3715 1040 3787 domino
1056 3717 1260 3796 lnnocentio.
1275 3719 1417 3786 ltomane

292 3829 384 3901 Sedis
409 3829 572 3920 pontifice,
594 3832 756 3901 fueramus
770 3828 896 3921 judiees
916 3828 1067 3921 delegati,
1092 3831 1125 3901 in
1147 3831 1242 3920 lnujus
1270 3827 1415 3922 recogni-

292 3943 388 4015 tionis
412 3958 443 4015 et
461 3942 687 4034 resignationis
708 3942 929 4015 testimonium
949 3966 987 4015 es
1018 3966 1155 4018 assensu
1186 3958 1219 4017 el
1253 3948 1415 4016 uoluntate

292 4062 529 4153 sepedictorum
561 4060 728 4152 lllugonisl
764 4074 796 4132 et
830 4065 960 4131 lratrurn
996 4064 1068 4151 ejus
1099 4075 1266 4152 presentes
1295 4061 1417 4134 litteras

293 4175 469 4261 sigillorum
493 4189 675 4244 nostrorum
696 4173 964 4264 impressionibus
985 4175 1134 4244 duximus
1162 4175 1415 4265 consignandas.

295 4293 405 4356 selum
427 4286 528 4356 lllesis
547 4288 631 4378 aputl
650 4299 797 4355 sanetum
819 4290 1065 4370 launomarum,
1085 4308 1170 4358 anno
1188 4283 1419 4358 incarnationis

295 4399 460 4491 lleminiee
481 4404 521 4469 ll·
541 4403 601 4469 CC·
616 4398 740 4491 quinto,
763 4422 875 4471 mense
889 4400 1078 4493 septembri.
