3420 5490
762 599 943 665 -tot-

289 724 467 807 lohannes,
493 723 683 793 uenerabilis
708 723 765 793 net
795 723 894 812 gratia
921 720 1198 794 taratarantium
1225 723 1413 816 episcopus.

291 836 471 924 Stephanus
490 856 630 925 quoque,
651 835 777 904 Sanctae
792 836 905 904 Crucis
923 837 1079 920 decanus,
1102 848 1134 905 et
1150 838 1415 907 lrclremlraualus

290 948 495 1019 subdecanus
532 964 563 1018 ot
598 947 801 1041 prepositus,
846 947 1019 1040 Maiestatis
1056 963 1176 1020 nostrae
1208 948 1414 1041 praesentiam

289 1060 451 1132 ltumiliter
469 1061 588 1143 adiere,
612 1065 811 1153 postulantes
832 1074 867 1132 ut
887 1060 1006 1146 villam,
1025 1086 1097 1153 quae
1117 1061 1232 1134 Villare
1251 1062 1338 1155 pium
1364 1063 1413 1133 ot·

289 1173 383 1255 citur,
404 1188 435 1243 et
455 1176 599 1244 clausurn
619 1173 780 1244 vinearum
795 1177 880 1264 quotl
901 1177 985 1264 apud
1005 1175 1203 1244 Cosconium
1227 1178 1326 1245 situm
1346 1190 1411 1258 est,

291 1310 362 1377 quau
376 1285 435 1377 ipsi
455 1285 595 1377 capitulo
615 1289 740 1355 Sanctae
757 1286 868 1357 Crucis
893 1289 932 1357 ad
959 1310 1149 1358 communes
1177 1311 1256 1359 usus
1281 1288 1414 1380 capituli

291 1399 445 1469 delerant
469 1414 501 1468 et
526 1412 768 1483 concesserant,
801 1421 859 1470 nos
887 1421 1015 1492 quoquc
1044 1398 1149 1470 eitlem
1179 1400 1320 1493 capitulo
1343 1404 1416 1493 jure

293 1526 446 1606 perpetuo
461 1514 731 1600 concederemus‚'
750 1525 782 1584 ct
796 1515 880 1604 quoal
906 1513 968 1606 ipsi
988 1513 1063 1585 inde
1083 1517 1223 1586 fecerant
1244 1519 1416 1587 conllrma·

292 1652 412 1701 remus.
427 1633 491 1700 Nos
505 1650 578 1699 vero
599 1628 726 1719 dignam
741 1650 851 1700 eorum
868 1628 1061 1721 peticionem
1075 1633 1231 1722 repellere
1246 1630 1414 1723 indignum

289 1742 568 1835 judicationem
601 1744 789 1833 praedictum
810 1743 929 1813 donum
960 1756 993 1815 el
1029 1742 1275 1814 concessionem
1301 1766 1415 1816 comm

293 1862 441 1929 uolumus
468 1870 500 1929 et
524 1860 751 1948 approlrarnus,
773 1871 805 1928 el
840 1859 936 1948 regiae
965 1855 1134 1948 llajestatis
1166 1857 1356 1931 auctoritato
1382 1859 1415 1931 in

295 1986 483 2064 perpetuum
515 1974 756 2059 confirmamus,
787 1985 820 2042 et
852 1972 1039 2062 brcnagium
1072 1984 1232 2056 nostrum,
1265 1975 1351 2064 quotl
1383 1972 1416 2044 iu

295 2084 551 2180 praedictante,
571 2084 677 2157 villari
699 2085 751 2177 pio
768 2083 927 2172 videlicet,
951 2087 1160 2169 habebamus,
1183 2110 1242 2180 pro
1268 2101 1418 2181 peccato·

294 2223 364 2269 rum
402 2212 584 2270 nostrorum
616 2197 807 2269 remissione
845 2197 876 2268 in
916 2212 1105 2290 perpetuum
1144 2197 1348 2283 dimittimus,
1385 2215 1419 2274 et

295 2315 430 2384 eandem
470 2311 575 2382 viltam
610 2314 652 2382 ita
689 2315 728 2381 alr
764 2310 915 2383 omnibus
945 2311 1286 2384 consuetudinibuset
1323 2336 1417 2386 esac-

297 2424 437 2495 tionibus
476 2439 631 2515 perpetuo
669 2423 800 2494 liberam
847 2445 921 2494 esse
958 2423 1180 2510 concedimus,
1223 2429 1308 2516 quod
1358 2450 1419 2498 nos

297 2540 344 2608 uel
367 2539 503 2607 lrererlcs
524 2537 623 2606 nostri
652 2539 699 2606 rel
731 2535 839 2605 lamuli
865 2538 913 2606 rel
933 2535 1159 2607 ministeriales
1186 2537 1287 2608 nostri
1316 2540 1418 2610 uiclril

298 2651 426 2741 penitus
446 2648 488 2717 int
504 2648 642 2739 amplius
667 2651 841 2719 lralrearnus
860 2664 914 2718 aut
938 2648 1113 2739 exigamus.
1136 2652 1229 2734 Quoal
1256 2672 1297 2721 ne
1315 2655 1419 2724 valeat

297 2762 458 2834 oblivione
487 2761 598 2846 deleri,
635 2762 754 2855 scripto
786 2761 1109 2846 eomntemlauimus;
1140 2780 1172 2835 ct
1204 2786 1243 2835 ne
1273 2764 1420 2856 possita

299 2875 436 2968 posteris
453 2876 619 2961 inllrmari,
636 2875 732 2968 sigilli
754 2876 855 2947 nostri
879 2875 1068 2948 auctoritate
1087 2890 1120 2949 et
1145 2876 1287 2950 nominis
1316 2878 1420 2951 nostri

298 2996 462 3064 {caractere
496 2993 816 3064 sulrterlirnaarirnns.
852 2998 964 3064 letum
985 2991 1122 3064 lorriaci
1154 2993 1299 3085 publice,
1332 3017 1421 3067 anno

299 3107 451 3179 incarnati
472 3108 565 3180 l'erlri
583 3112 607 3178 ll
628 3111 651 3176 ll
670 3111 788 3193 xlttll,
809 3106 898 3200 regati
917 3105 1018 3179 nostri
1037 3111 1126 3181 xt'tl.

343 3222 528 3295 llstaotilrus
567 3221 598 3293 io
624 3221 740 3315 palatio
771 3237 881 3294 nostro
901 3246 1037 3315 ‹puorum
1072 3221 1201 3295 nomina
1235 3222 1422 3299 subtitulata

298 3349 376 3407 sunt
390 3349 422 3406 et
437 3335 540 3427 signa.

344 3456 377 3521 S.
405 3446 557 3539 Stephani
578 3448 775 3540 dapiferis.
798 3448 966 3520 Gislelterti
990 3447 1182 3518 lruticularii.
1216 3453 1249 3519 S.
1279 3450 1424 3542 lluponis

299 3561 542 3634 constabularii.
565 3566 598 3633 S.
623 3561 760 3633 llberrci
776 3560 977 3634 cluamerarii.

306 3710 310 3721 ·
345 3682 421 3748 llala
442 3699 499 3769 per
518 3698 647 3747 manum
667 3676 819 3766 Steplrani
837 3675 1032 3747 cancellarii.
1054 3677 1336 3770 (llonopranrmc).
