3420 5490
767 685 804 695 ..
826 649 886 713 300
907 684 945 695 ..

292 775 445 845 Fontanis
475 787 573 843 totam
605 773 763 845 decimam
795 773 855 844 sibi
894 775 1001 846 deberi
1029 778 1216 845 asserebam
1244 777 1418 848 occasione

290 888 457 975 eujusdam
474 885 673 957 vendicionis
696 909 791 977 quam
811 886 860 956 eis
880 890 1016 957 feceram
1033 888 1074 956 oe
1091 887 1215 957 decima
1238 902 1302 956 tam
1333 886 1419 960 blarli

288 1021 384 1089 quam
406 997 467 1068 vini
488 1022 583 1089 quam
597 998 762 1090 percipere
775 1002 918 1070 solebam
935 998 966 1069 in
990 998 1155 1091 parrocbia
1183 1002 1224 1071 de
1252 998 1418 1083 Foulanir,

288 1133 349 1201 ege
364 1125 471 1182 autem
491 1113 576 1201 ‹prrorl
599 1124 663 1181 tota
682 1110 806 1181 decima
823 1110 886 1181 vini
914 1114 955 1181 de
986 1110 1081 1182 dictis
1107 1111 1208 1182 vineis
1235 1113 1318 1182 meis
1348 1134 1419 1183 mea

289 1225 407 1302 eratin
427 1223 623 1294 contrarium
643 1226 842 1294 asserebam.
869 1228 1011 1295 Tandem
1032 1227 1073 1295 rle
1101 1226 1259 1295 bonorum
1280 1226 1418 1297 viroruur

291 1336 428 1407 consilae
445 1358 555 1406 eoram
574 1336 747 1407 venerabili
769 1350 857 1431 patre
890 1335 1050 1428 Philippo,
1086 1334 1307 1411 aurelianensi
1331 1336 1418 1429 epia·

291 1472 387 1544 copo,
405 1448 437 1519 in
453 1452 526 1542 Jure
541 1448 713 1541 recognovi
733 1451 821 1540 qnod
846 1451 926 1520 vlicti
952 1450 1095 1521 decanus
1114 1465 1146 1521 et
1171 1448 1348 1542 capitulum
1383 1449 1417 1521 iu

290 1563 375 1637 (licta
390 1567 486 1637 domo
506 1587 564 1636 sua
584 1567 625 1637 ale
637 1565 788 1637 Fontanis
802 1567 841 1637 ad
858 1562 1080 1658 pressoriaurla
1100 1563 1209 1637 aseina
1240 1588 1297 1636 sua
1327 1587 1418 1658 prea-

290 1680 412 1753 vorium
442 1696 666 1753 construerere
688 1680 787 1753 libere
802 1693 950 1773 poterant
969 1695 1001 1752 et
1028 1683 1158 1766 babere,
1186 1694 1218 1752 et
1249 1683 1337 1774 quorl
1352 1694 1418 1753 tota

291 1793 415 1868 decima
431 1793 494 1865 vini
514 1796 554 1867 ale
569 1793 673 1866 vineis
687 1817 767 1889 quas
786 1798 943 1867 habebam
964 1794 996 1864 in
1017 1793 1181 1886 parrochia
1201 1795 1243 1866 de
1263 1792 1417 1866 Fontauir

291 1910 330 1979 ad
352 1907 457 1981 alietos
471 1910 629 1980 decanum
650 1922 683 1980 et
707 1908 880 2001 capitulum
910 1907 981 1980 eine
1011 1907 1147 2000 alicujus
1177 1905 1419 2001 participatione

295 2024 487 2113 pertinebat.
507 2022 640 2093 l‘relatis
660 2020 792 2114 insuper
822 2025 945 2094 decano
965 2036 995 2093 et
1017 2020 1158 2112 capitulo
1178 2019 1209 2091 in
1230 2034 1418 2113 perpetuam

292 2136 501 2206 elemosinam
521 2133 594 2206 dedi
613 2150 738 2226 septem
758 2150 889 2226 arpenta
910 2149 992 2206 terre
1009 2157 1080 2205 mee
1100 2133 1131 2204 in
1152 2132 1312 2205 territorio
1330 2134 1419 2226 quorl

294 2254 416 2321 lloseus
437 2248 568 2320 llorrelli
598 2264 800 2340 nuncupatur
819 2248 979 2334 sita‚cunr
1009 2247 1095 2318 omni
1119 2250 1204 2340 jure,
1228 2246 1356 2340 justicia
1386 2261 1420 2321 el

292 2362 439 2434 dastrictu
459 2386 521 2455 que
543 2361 574 2432 in
592 2363 715 2434 eisdem
734 2365 903 2448 habebam,
924 2366 967 2433 ita
987 2366 1072 2452 quovl
1092 2362 1123 2433 io
1150 2362 1274 2433 eisvlem
1291 2376 1418 2455 septem

292 2477 435 2568 arpentis
454 2500 515 2567 ego
535 2480 584 2546 vel
604 2478 740 2547 beneclee
760 2475 821 2546 urei
842 2478 940 2545 niclril
953 2475 1034 2566 juris
1055 2475 1182 2566 penitus
1202 2476 1418 2567 merloaliquo

293 2590 468 2680 poterimus
484 2592 668 2658 reclamare.
691 2589 843 2658 Concessi
864 2588 959 2657 etiam
980 2593 1021 2656 ob
1046 2587 1152 2657 anime
1171 2612 1242 2657 rnee
1266 2604 1298 2657 el
1326 2604 1418 2659 anle-

292 2723 458 2772 ccssorum
481 2722 624 2770 meorrrm
641 2703 817 2770 remedium
834 2699 985 2790 sepvelalis
999 2702 1121 2769 vleeano
1136 2714 1168 2769 el
1180 2699 1416 2791 eapitulerprovl

291 2817 462 2886 carissima
482 2813 577 2883 amita
596 2838 679 2895 nica,
700 2811 829 2882 (lomina
844 2816 963 2905 lllyola,
981 2835 1043 2903 qne
1062 2811 1207 2881 aseiurrm
1223 2836 1317 2882 suurn
1329 2816 1417 2904 vpuovl

291 2929 321 2998 ei
342 2926 547 3020 proveniebat
567 2949 602 2997 es
626 2925 771 3017 portione
791 2949 847 2995 sna
861 2948 957 3016 optram
978 2928 1072 2995 babet
1096 2926 1126 2994 irr
1148 2927 1271 2996 vleeirua
1292 2926 1418 2999 viniale

292 3039 442 3112 Fontanis
459 3042 499 3110 ae
514 3041 709 3131 pressorium
725 3041 810 3131 qnod
827 3040 858 3109 in
878 3042 990 3110 carleru
1011 3038 1081 3109 villa
1098 3042 1200 3111 liabeo
1219 3038 1418 3131 pressoriare

290 3158 472 3234 tenebatur,
493 3151 615 3223 dictum
640 3153 786 3223 ascinum
817 3155 933 3223 amodo
970 3155 1168 3243 pressoriare
1198 3166 1345 3223 teneatur
1375 3156 1416 3223 avl

291 3268 573 3359 presoriumquod
595 3264 718 3335 invilla
741 3268 781 3336 de
811 3268 964 3335 eonranis
991 3289 1009 3334 a
1043 3263 1194 3356 sepniatis
1233 3265 1358 3335 decano
1384 3280 1417 3336 et

289 3384 647 3473 capituloeouslruetur
658 3396 689 3453 et
706 3382 855 3452 similiter
867 3384 1002 3451 lverevlcs
1015 3384 1086 3471 ejus
1100 3393 1171 3473 post
1185 3379 1302 3474 ipsam,
1318 3378 1418 3453 alictie

290 3498 413 3565 decano
433 3509 464 3565 et
484 3493 623 3585 capitulo
643 3497 772 3566 easdem
793 3493 1002 3565 redibitiones
1019 3517 1076 3585 pue
1096 3492 1317 3585 preparatione
1334 3492 1415 3564 rlicti

290 3606 390 3678 ascini
410 3606 460 3677 sui
480 3605 615 3677 soluturi
635 3630 715 3698 quas
732 3606 828 3677 miclri
845 3609 876 3677 in
896 3605 1057 3698 pressorio
1074 3628 1147 3677 meo
1163 3610 1319 3676 hactenus
1345 3628 1418 3697 per·

290 3723 467 3800 solverunt,
493 3733 524 3789 et
555 3723 641 3808 qrrorl
663 3719 751 3811 ipsos
775 3721 1044 3810 quarrdocumque
1069 3741 1106 3789 er
1133 3732 1224 3810 parte
1255 3716 1417 3789 dictorum

290 3832 403 3904 clerani
421 3845 454 3902 et
470 3830 601 3922 caprituli
618 3835 709 3902 lvrero
729 3830 903 3921 reqrrisitus
923 3831 1064 3921 quarrrliu
1084 3830 1288 3922 supervivere
1315 3831 1356 3900 arl
1382 3830 1414 3900 io

290 3946 471 4018 laciendum
491 3948 744 4036 compellarunt
765 3950 851 4037 quovl
877 3970 894 4016 a
922 3944 994 4015 liliis
1024 3959 1056 4016 et
1083 3944 1209 4016 liliabus
1230 3942 1312 4015 meis
1328 3959 1418 4035 post·

288 4084 384 4152 euanr
412 4063 452 4131 arl
482 4074 600 4131 etatem
631 4060 803 4131 ‹luorlecim
834 4083 992 4131 arrraorurn
1025 4064 1072 4130 vel
1088 4059 1332 4150 rpuatuonlecim
1365 4078 1419 4131 nte

288 4174 414 4246 vivente
442 4174 644 4266 pervenerint
662 4174 769 4245 omnia
789 4173 973 4265 supradicta
1004 4172 1124 4243 lanrlari
1151 4172 1263 4243 laeiavn
1283 4186 1316 4243 et
1336 4194 1417 4243 eon·

288 4291 373 4359 cedi.
396 4292 550 4357 Tbomam
570 4290 609 4357 oo
642 4287 821 4357 llolenvlino
848 4309 943 4367 novo,
976 4291 1103 4356 l'etruvn
1134 4288 1174 4355 ele
1202 4284 1357 4355 llauaiaco
1385 4300 1417 4355 el

289 4403 496 4494 llaginalelum
517 4406 557 4474 ale
577 4403 705 4483 listivab
729 4402 860 4488 milites,
883 4401 1040 4473 llobinnm
1063 4403 1199 4483 labrum,
1227 4398 1414 4471 llaolrivlurn

290 4520 329 4588 vle
349 4521 377 4587 la
398 4520 582 4602 laustenes,
604 4520 783 4589 lolvannem
803 4520 842 4587 ale
864 4521 1026 4607 l’lesseyo,
1059 4518 1221 4587 Galtcrunr
1249 4518 1289 4586 de
1319 4518 1416 4607 llaya,

289 4630 473 4700 Gaulrirlurn
503 4633 543 4701 vlu
570 4634 656 4701 llaon
693 4647 725 4701 ct
755 4635 903 4701 Orlonenr
938 4634 978 4701 ale
1008 4632 1174 4701 Clratcllon
1211 4631 1420 4719 loejuasoua
