3420 5490
756 617 935 682 -107-

281 743 387 835 gnitas
414 743 533 835 regulis
568 743 686 835 excipit
716 746 802 833 qrrod
831 744 1041 814 ecclesiarum
1072 742 1171 834 qrricti
1201 740 1406 815 contradicit.

280 862 394 928 Notum
415 859 535 947 ¹itaque
565 857 699 928 tacimus
731 855 903 941 universis,
935 869 966 927 et
997 858 1203 948 presentibus
1233 855 1352 944 pariter
1376 869 1409 928 et

281 968 407 1052 tuturis,
442 970 527 1058 quod
559 968 590 1038 iu
629 968 733 1039 villum
770 975 887 1040 Sancte
917 968 1028 1039 Crucis
1062 967 1300 1040 Aurelianensis
1335 992 1408 1058 qum

279 1081 395 1152 l'riene
415 1094 631 1171 nuncupatur,
651 1080 802 1151 talliatam
820 1081 911 1173 panis
930 1104 969 1152 sc
982 1079 1047 1151 uini
1070 1093 1220 1170 tanquam
1240 1102 1278 1152 ex
1298 1080 1407 1152 debito

275 1198 348 1286 jure
368 1192 623 1286 requirebamus.
651 1198 749 1266 broce
769 1217 844 1266 uero
861 1195 1106 1279 canonicorum,
1127 1207 1159 1266 et
1184 1216 1241 1286 pro
1261 1192 1407 1267 remedio

278 1309 383 1381 anime
411 1323 521 1382 nostre
552 1321 585 1381 et
612 1306 711 1401 patris
730 1308 847 1391 nostri,
872 1322 903 1380 et
928 1306 1046 1401 regatis
1071 1306 1294 1381 munificentie
1311 1307 1408 1401 largi·

279 1438 355 1511 tate‚
387 1449 404 1497 a
433 1424 549 1497 talliuta
580 1423 639 1497 istu
673 1427 825 1517 prolatam
857 1426 963 1496 villam
990 1421 1124 1497 omnino
1152 1423 1341 1509 liberamus,
1373 1438 1407 1498 et

278 1538 459 1631 hujusmodi
488 1539 756 1612 consuetudinem
784 1541 968 1611 nullatenus
994 1537 1026 1608 in
1048 1552 1212 1631 posterum
1238 1535 1405 1630 requiren-

277 1658 348 1724 dam
370 1667 437 1725 rata
458 1652 650 1726 dilbnitione
670 1676 853 1726 censemus.
888 1656 980 1741 Quod
1003 1664 1037 1723 ut
1057 1667 1213 1746 perpetue
1232 1651 1404 1725 nubilitatis

277 1766 419 1840 obtineat
435 1768 645 1851 munimenta,
667 1766 788 1859 scripto
808 1765 1040 1856 commendari,
1063 1765 1160 1859 sigilli
1177 1765 1278 1838 nostri
1296 1780 1405 1838 sucto-

277 1881 368 1953 ritnte
383 1882 514 1968 muniri,
535 1884 700 1975 nostrique
714 1881 854 1954 nominis
874 1882 1142 1975 subterinscripto
1154 1884 1319 1953 laractere
1332 1903 1403 1952 cor·

277 1996 419 2067 roborari
436 1995 652 2089 precepimus.

321 2113 433 2179 cletum
470 2110 598 2203 publice
632 2109 785 2194 Parisios,
823 2133 908 2181 anno
941 2113 982 2181 ab
1017 2109 1238 2181 incarnatione
1270 2107 1400 2180 Domini

277 2224 433 2307 nexttn,
458 2221 547 2315 regni
571 2245 647 2295 vero
673 2223 773 2296 nostri
793 2226 857 2296 Vll.
879 2222 1069 2296 bstuutibus
1093 2221 1125 2292 iu
1146 2220 1269 2314 palacio
1289 2235 1400 2293 nostro

276 2359 413 2426 quorum
443 2336 572 2409 nomina
592 2337 779 2410 subtitulata
803 2349 879 2410 sunt
907 2352 940 2412 et
958 2338 1062 2430 signa.
1085 2342 1120 2410 S.
1148 2339 1286 2425 budulll,
1306 2333 1401 2409 Viro-

276 2455 465 2525 rnundorum
495 2452 633 2537 comitis,
658 2452 789 2545 depileri
825 2453 936 2526 nostri.
973 2458 1006 2526 S.
1043 2452 1163 2526 llatlrmi
1194 2449 1398 2527 cluamerarii.

277 2578 310 2642 S.
328 2569 439 2641 ltatbei
456 2568 695 2641 constabularii.
714 2575 746 2642 S.
766 2568 916 2642 Willclmi
938 2568 1132 2642 buticularii.
1301 2570 1304 2577 '

320 2691 397 2755 Data
413 2707 469 2776 per
486 2707 614 2755 manum
631 2683 766 2756 Cadurci
782 2684 994 2766 cancellarii.

816 3073 865 3132 LV

466 3368 662 3444 lugnannes,
679 3364 735 3446 [ler
753 3363 832 3427 nont
849 3361 929 3426 1139
945 3360 963 3424 'a
978 3361 997 3425 6
1014 3360 1096 3424 avril
1110 3359 1201 3443 tcto]

271 3631 355 3688 Leuis
378 3633 427 3689 Vll
450 3633 588 3690 contlrmc
611 3632 890 3689 l’allrancbissemsnt
904 3631 939 3688 de
960 3631 1035 3689 tuille
1049 3630 1167 3688 accordd
1183 3649 1235 3706 per
1259 3649 1310 3689 son
1329 3632 1398 3703 pdre

323 3744 377 3783 aux
391 3734 480 3784 terres
495 3727 532 3783 du
547 3728 672 3800 chspltrs
696 3727 767 3783 siser
781 3728 796 3781 d
812 3726 961 3783 Fontainss
976 3734 1004 3784 et
1018 3730 1122 3797 Ormoy
1137 3743 1171 3784 en
1187 3728 1341 3800 Etampois.

272 3898 368 3971 (Cupie
381 3897 416 3955 de
431 3897 544 3970 Baluze,
558 3915 585 3971 p.
602 3898 646 3952 67.
671 3930 705 3938 -
730 3899 761 3954 B.
775 3898 810 3954 N.
827 3897 893 3955 coll.
915 3898 1029 3955 Moreuu
1044 3900 1099 3956 57:
1119 3898 1396 3972 desudantem

555 3994 704 4051 cartulaire
722 3993 758 4050 ds
772 3994 983 4066 Soluto-Crob,
998 3995 1021 4051 b
1034 3995 1109 4066 ult).

387 4140 469 4210 (Pub.
483 4139 630 4197 Luchuirs.
643 4140 691 4198 Et.
707 4156 758 4195 sur
771 4144 811 4198 les
832 4145 906 4197 actes
925 4140 1062 4197 debonis
1081 4142 1142 4213 Vll,
1159 4158 1185 4215 p.
1197 4140 1273 4211 357).

315 4391 347 4458 ln
372 4385 501 4459 nomine
519 4386 660 4460 Domini.
683 4391 749 4480 Ego
769 4388 961 4478 ludovicus,
983 4389 1081 4483 gratia
1102 4387 1159 4463 bei
1180 4414 1233 4464 rer
1256 4394 1392 4465 Franco-

271 4528 339 4575 rum
357 4518 388 4575 et
403 4505 464 4575 dur
481 4503 722 4597 Aquitanorum.
741 4510 857 4579 Notum
876 4505 942 4579 beri
962 4510 1110 4581 volumus
1130 4506 1301 4596 uniuersis,
1326 4523 1390 4581 tam

270 4618 383 4700 tuturis
408 4643 504 4722 quarn
523 4622 741 4728 presentibus,
767 4624 853 4725 quod
875 4624 1025 4697 domiuus
1046 4625 1259 4721 predecessor
1281 4637 1392 4698 noster
