3420 5490
765 706 922 771 -53-

280 858 339 906 nos
364 833 513 906 convenit
529 832 708 925 providere,
732 856 812 925 quas
831 835 870 903 ad
886 832 968 905 beati
984 833 1067 905 l‘etri
1082 835 1239 924 obsequia
1259 836 1404 905 devotio·

280 971 331 1020 res
361 971 398 1019 ac
423 947 636 1039 promptiores
662 971 736 1017 esse
756 947 996 1039 cognoscimus.
1032 953 1095 1020 Nec
1115 949 1248 1019 dnbrum
1268 949 1354 1040 quod
1376 947 1404 1020 si

280 1067 422 1156 suscepti
453 1063 617 1155 regiminis
642 1066 857 1156 gubernacula
889 1063 1079 1154 cogitamus,
1102 1064 1149 1135 sic
1187 1077 1221 1136 ot
1242 1076 1347 1157 patres
1370 1061 1402 1134 in

279 1179 465 1270 Dcipooulo
484 1177 632 1263 dicimur,
654 1180 697 1248 ita
712 1176 940 1249 nichilominus
969 1181 1085 1249 ellectu
1116 1181 1224 1270 operis
1259 1200 1407 1270 compro·

279 1294 343 1364 bari
360 1295 530 1364 debemus.
556 1296 621 1363 lloc
640 1293 793 1362 nimirum
826 1289 957 1374 intuitu,
979 1290 1172 1363 rvcrreranitts
1197 1297 1293 1364 trater
1317 1293 1405 1365 llelia

276 1405 442 1497 episcope,
458 1428 553 1497 quem
575 1412 684 1495 uthue
704 1402 844 1495 propriis
866 1416 1014 1493 tanquam
1049 1403 1132 1473 beati
1153 1403 1236 1475 Petri
1256 1404 1405 1477 manibus

277 1518 307 1587 in
320 1517 520 1608 episcopum,
535 1516 673 1588 Domino
688 1527 894 1606 cooperante,
915 1514 1145 1606 promovimus,
1159 1515 1223 1587 tuis
1236 1516 1405 1588 desideriis

277 1637 452 1706 clementer
481 1630 667 1713 annuimus,
700 1645 731 1701 et
761 1652 932 1722 personam
953 1642 1039 1699 tuam
1074 1653 1145 1700 cum
1168 1629 1262 1701 bonis
1284 1653 1355 1721 qnae
1372 1631 1404 1700 in

277 1744 519 1837 praesentiarum
541 1742 683 1833 legitime
702 1741 865 1834 possides,
885 1754 939 1812 aut
960 1742 991 1811 in
1009 1743 1149 1812 loturum
1163 1741 1405 1814 rationabilibus

277 1858 381 1929 modis
404 1862 470 1928 Deo
483 1856 622 1948 propitio
643 1855 762 1946 poteris
787 1854 935 1946 adipisci,
955 1857 1015 1926 sub
1044 1857 1127 1925 beati
1160 1855 1243 1926 l‘etri
1273 1859 1404 1928 tutelam

277 1969 575 2064 protectionemque
595 1968 803 2060 suscipimus,
826 1982 857 2039 et
874 1966 1043 2059 paesentis
1063 1967 1172 2061 scripti
1190 1968 1304 2061 pagina
1316 1992 1405 2041 com-

277 2085 452 2168 munimus,
478 2098 509 2155 et
529 2099 592 2155 tam
625 2084 656 2153 in
677 2082 801 2154 abbatia
828 2087 932 2153 sancti
955 2082 1114 2153 llarimini
1140 2106 1236 2174 ipram
1268 2085 1302 2155 in
1332 2084 1405 2155 aliis

277 2199 412 2271 abbatiis
429 2213 524 2290 atque
545 2196 696 2270 omnibns
715 2195 863 2269 ecclesiis
880 2211 943 2267 tuae
957 2195 1110 2290 dyocesis
1125 2200 1179 2288 jus
1202 2197 1403 2289 episcopale,

277 2317 358 2389 sicut
375 2317 632 2406 prodecessores
660 2312 703 2382 tui
720 2311 896 2402 antiquitus
923 2314 1115 2398 babuerunt,
1143 2311 1201 2383 tibi
1221 2312 1404 2385 nichilomi-

277 2456 337 2502 nus
361 2434 602 2501 conllrmamus.
625 2432 709 2499 llona
737 2449 864 2518 quoque
885 2425 1124 2499 Aurelianensis
1147 2426 1306 2513 ecclesiae,
1328 2453 1400 2522 quas

275 2548 396 2636 absque
427 2543 563 2615 utilitate
578 2541 731 2614 Ecclesirn
751 2552 877 2612 constat
906 2564 980 2612 esso
1000 2542 1166 2623 distracta,
1181 2545 1220 2613 ad
1237 2544 1292 2634 jus
1306 2556 1403 2636 atque

277 2659 453 2732 dominium
473 2662 544 2751 ejus
561 2658 770 2751 praecipimus
790 2655 945 2729 revocari.
964 2661 1029 2728 l'ua
1052 2658 1174 2748 itaque,
1191 2660 1286 2730 lrater
1300 2659 1405 2732 lraris·

274 2773 368 2858 sime,
387 2775 521 2845 interest
551 2772 739 2865 religionem
761 2785 857 2862 atque
889 2774 1092 2843 honestatem
1119 2770 1150 2842 in
1171 2771 1320 2845 ecclesiis
1357 2775 1402 2844 tui

274 2887 480 2980 episcopatus
499 2900 652 2974 statuere,
684 2900 717 2958 et
748 2899 899 2958 statutam
926 2885 1096 2956 auxiliante
1126 2884 1265 2959 Domino
1289 2883 1404 2979 propa·

274 3025 360 3094 gare,
381 3015 476 3092 atque
497 3001 630 3093 ydoneis
650 3000 796 3092 personis
820 2998 1039 3071 ecclesiastica
1056 2998 1210 3072 benellcia
1231 3000 1400 3092 impertiri.

275 3122 364 3187 locta
389 3129 512 3207 patrum
538 3139 665 3206 ortoque
697 3117 824 3186 decreta
848 3125 880 3186 el
905 3114 1077 3185 canonicas
1112 3115 1297 3187 sanctiones
1313 3121 1334 3197 ¹,
1367 3115 1400 3188 in

278 3230 493 3302 Aurelianensi
517 3227 653 3299 ecclesia
684 3231 805 3298 nullum
828 3226 859 3297 in
885 3229 1043 3298 decanum
1064 3230 1112 3298 vel
1137 3228 1399 3316 archidiaconum

278 3341 350 3432 eligi
399 3340 458 3411 nisi
497 3345 718 3432 presbyterum
752 3343 798 3410 rel
830 3339 1014 3416 diaconum,
1036 3339 1178 3430 patiaris.
1208 3340 1290 3412 Nulli
1322 3364 1400 3433 ergo

279 3453 409 3525 omnino
441 3451 606 3523 bominum
634 3456 681 3522 las
710 3451 752 3522 sit
782 3474 879 3544 snper
899 3455 1082 3523 lracnostra
1103 3444 1315 3525 concessione
1351 3456 1399 3526 vel

279 3565 520 3639 confirmatione
540 3588 595 3637 vos
608 3578 729 3637 temere
750 3568 947 3657 perturbare,
963 3582 1017 3639 ant
1031 3567 1168 3659 aliquam
1182 3565 1271 3638 vobis
1284 3566 1400 3640 exinde

278 3681 520 3750 diminutionem
543 3682 590 3749 vel
616 3678 874 3749 contrarietatem
896 3681 1028 3751 interce.
1050 3680 1082 3751 Si
1103 3680 1177 3771 quis
1195 3692 1301 3751 autern
1318 3704 1399 3752 auso

277 3791 444 3864 temerario
464 3792 495 3861 id
530 3801 719 3881 attemptare
747 3797 1002 3882 presumpserit,
1024 3790 1276 3885 indignationem
1297 3793 1398 3865 omoi-

275 3906 414 3998 potcntis
441 3903 496 3976 lloi
520 3918 553 3976 et
589 3906 753 3976 bealorum
784 3905 868 3976 l’etri
901 3920 934 3977 ot
961 3905 1048 3978 l‘anli
1078 3911 1299 3998 apostolorum
1330 3912 1399 4001 ejus

275 4019 415 4091 incurrat
432 4032 463 4091 ct
483 4017 808 4091 excommunicationi
824 4021 1001 4111 subjaceat.
1025 4025 1259 4093 conservantes
1289 4034 1397 4094 autem

275 4135 544 4216 lraec,corundem
562 4136 781 4225 apostolorum
796 4131 1054 4205 benedictionem
1076 4148 1110 4207 et
1132 4138 1266 4226 gratiam
1287 4157 1397 4208 conse·
1465 4163 1467 4168 ·

275 4259 424 4336 quantur.
447 4251 559 4316 dmeu.
582 4251 692 4316 dmeu.
715 4251 792 4317 Data
813 4246 970 4329 laterani,
993 4251 1073 4316 llllll
1093 4248 1156 4316 lral.
1178 4249 1266 4317 maii.

310 4629 319 4665 ¹
340 4629 376 4684 La
393 4628 472 4700 copie
487 4627 521 4683 de
538 4628 640 4683 Balone
654 4631 732 4699 porte
746 4643 781 4683 en
796 4643 916 4699 merge:
936 4627 1006 4684 Vide
1027 4627 1180 4686 concilium
1201 4629 1401 4688 Cloromonln-

276 4735 348 4777 num
362 4719 395 4776 tn
409 4725 447 4776 lo.
457 4718 496 4778 ,2,
516 4718 557 4774 lle
575 4717 727 4776 concordio
738 4717 849 4776 sacerd.
867 4723 894 4775 el
909 4718 1038 4791 imperii.
