3420 5490
808 1419 887 1481 ltus

288 1692 349 1747 Don
364 1691 379 1746 l
396 1691 585 1748 Sainlctlroix
606 1691 656 1746 des
677 1691 800 1747 maisons
822 1691 964 1762 d’llugues
983 1691 1115 1763 descend,
1139 1692 1244 1748 situlos
1266 1693 1367 1750 dorent
1381 1694 1409 1751 le

483 1792 563 1859 porto
576 1786 614 1840 du
629 1786 737 1855 cludro,
750 1802 784 1842 en
800 1786 924 1857 &change
935 1785 1002 1842 d’un
1017 1787 1215 1845 anniversuire.

336 1955 445 2026 'loric
462 1972 485 2009 s.
502 1955 599 2026 perch.
616 1955 699 2010 Arch.
716 1955 755 2011 du
770 1954 874 2024 Loirol‚
890 1955 924 2009 G.
938 1955 1009 2026 uo&
1026 1957 1151 2012 mention
1165 1956 1336 2027 Scriptum).

332 2195 397 2283 Ego
418 2196 521 2283 llugo,
540 2191 777 2264 Aurelianensis
796 2192 934 2265 ecclesie
950 2196 1105 2278 decanus,
1135 2207 1302 2286 totumque
1328 2196 1414 2285 ejus·

289 2308 362 2379 dero
400 2306 538 2378 ecclesie
568 2305 757 2399 capitulum.
788 2306 948 2378 Ovnnilvus
984 2321 1047 2379 tarn
1086 2308 1281 2380 instantibus
1317 2332 1414 2401 quum

291 2420 407 2491 luturiu
420 2421 568 2492 duximus
585 2424 811 2493 declarandum
831 2421 904 2514 quia
926 2425 1015 2513 llugo
1034 2424 1147 2513 lagno,
1165 2424 1198 2493 in
1219 2435 1326 2497 nostra
1342 2446 1415 2516 prc-

291 2533 394 2605 sentia
420 2536 630 2616 constitutus,
668 2537 782 2606 dumos
808 2558 883 2605 suas
913 2550 987 2606 onte
1018 2550 1141 2626 portem
1173 2536 1303 2607 claustri
1335 2537 1415 2608 sitas

290 2645 384 2717 uobis
412 2646 443 2716 in
478 2662 665 2738 perpetuum
696 2649 859 2718 trahendos
891 2647 1032 2728 donavit,
1065 2662 1098 2718 et
1131 2670 1191 2719 uos
1217 2650 1258 2717 de
1289 2646 1414 2719 eisde-

289 2758 439 2830 dornibus
459 2758 630 2830 investivit.
647 2764 710 2831 Nos
731 2783 818 2843 vcro,
837 2763 877 2829 de
891 2760 1112 2831 benevolentia
1132 2777 1164 2833 ct
1185 2761 1407 2833 misericordia

290 2886 413 2959 nostru,
431 2877 547 2946 dornos
567 2874 637 2944 illus
654 2872 759 2944 eidem
780 2872 1002 2945 concessimus
1033 2873 1065 2944 iu
1102 2874 1162 2944 vita
1182 2897 1239 2945 suu
1259 2875 1412 2967 rprrurodiu

290 2987 423 3059 voluerit
457 2986 660 3059 obtinendus.
684 2992 857 3080 l'osttpuovn
879 3004 984 3059 autern
1012 2990 1095 3059 idern
1130 2992 1218 3081 llugo
1242 2988 1415 3082 juurdictus

289 3105 405 3176 domos
425 3104 591 3196 [lvulritorel
612 3101 760 3187 desierit,
789 3127 844 3174 cus
865 3104 1086 3175 concanonico
1121 3119 1232 3175 nostro
1253 3108 1348 3177 l'etro
1375 3106 1417 3177 de

290 3217 440 3309 Cuprosia
456 3221 517 3288 lroc
538 3221 633 3289 rnodo
646 3216 869 3289 concessimus
880 3217 1085 3301 obtinendus,
1107 3220 1192 3309 quod
1214 3218 1417 3291 uobissnnis

289 3329 426 3420 singulis
445 3336 468 3400 x
489 3331 610 3402 solidos
627 3334 798 3423 persolvet,
822 3333 854 3401 in
870 3330 1088 3401 anniversario
1106 3330 1280 3423 supradicti
1311 3335 1418 3424 llugo·

290 3444 340 3514 nis
360 3443 561 3515 dividendos.
584 3447 663 3513 Curn
690 3466 764 3514 vero
795 3442 972 3534 predictum
997 3447 1125 3513 Petrurn
1156 3444 1240 3514 viu·
1265 3442 1419 3517 universo

290 3555 396 3628 curnis
411 3556 591 3647 ingressum
612 3579 684 3627 esse
704 3555 885 3647 contigerit,
906 3554 1062 3647 quicquid
1093 3578 1131 3626 er
1158 3554 1309 3628 douvilrus
1351 3558 1417 3630 illis

291 3669 414 3762 adquiri
452 3670 567 3762 poterit
587 3669 619 3740 in
650 3667 806 3762 sepedicti
828 3667 972 3760 lingonis
993 3667 1211 3741 autriversario
1240 3668 1416 3742 dividetur.

293 3786 358 3854 lloc
377 3799 484 3854 nutem
516 3782 665 3866 secunus,
686 3798 810 3853 astante
830 3780 961 3851 donnino
984 3779 1135 3863 lleurico‚
1166 3782 1320 3875 episcopo
1344 3805 1420 3855 nos·

293 3912 353 3983 tro,
378 3914 409 3970 et
425 3900 571 3969 lolrunne
587 3896 790 3988 lmperotoris
807 3910 838 3967 et
864 3894 1016 3968 llaiualdo
1042 3897 1082 3966 de
1112 3898 1230 3966 Sancto
1256 3898 1418 3983 lolrunuc,

292 4015 346 4103 qui
368 4026 444 4082 tuuc
464 4011 619 4104 temporis
635 4009 787 4103 prepositi
813 4022 903 4081 erunt
935 4006 1125 4079 Aurelianis.
1153 4012 1243 4079 dono
1263 4007 1419 4083 incarnati

292 4126 386 4199 Verlvi
406 4127 511 4196 dcxc
533 4125 645 4197 toreio.
