3420 5490
762 678 796 691 ..
819 644 880 707 app
902 678 938 693 -

287 771 447 866 presentia
467 772 637 843 constituti
651 773 813 840 lohannes
831 772 871 840 do
890 768 1099 851 Saudreuida‚
1119 772 1271 861 arnuiper,
1286 784 1320 841 et
1336 776 1414 841 Ysa·

287 888 392 973 bottis,
412 888 484 977 ejus
505 908 593 970 uror,
618 884 829 955 uendiderunt
843 899 875 954 et
903 881 1034 955 nonrine
1055 881 1254 955 vendicionis
1280 882 1314 955 io
1342 906 1413 977 per·

277 1014 418 1094 'petnum
435 1000 647 1070 liberaverunt
664 1012 695 1068 et
713 997 928 1087 quittaverunt
947 997 1186 1069 uerrcrabdibos
1203 996 1279 1069 uiris
1290 1000 1415 1069 decano

287 1129 319 1185 et
338 1113 478 1205 capituto
493 1112 775 1182 duretiaucnsibus
792 1109 969 1190 censivam,
986 1112 1147 1179 dccinranr
1176 1125 1209 1181 et
1232 1111 1414 1203 carnpipar-

288 1240 352 1297 tenr
368 1241 402 1296 et
421 1225 516 1296 etianr
536 1226 690 1315 quicquid
711 1222 770 1313 ipsi
793 1225 947 1293 tenebant
966 1244 984 1292 a
1007 1224 1105 1292 dorno
1129 1224 1171 1293 de
1190 1223 1335 1294 Mesuiiio
1356 1223 1415 1297 Gi·

287 1340 394 1420 randi‚
417 1337 596 1428 pertinente
617 1339 657 1406 ad
678 1338 853 1426 capitutum
885 1334 1126 1415 Aurelianense,
1155 1335 1415 1429 quibuscumque

289 1454 385 1523 rebus
400 1449 536 1521 existant
549 1471 602 1519 ree
622 1449 765 1539 predicte
785 1448 913 1519 uerrdite
928 1463 960 1519 et
979 1470 1184 1540 quocumque
1198 1449 1329 1521 nornine
1341 1474 1415 1523 cen·

289 1579 431 1650 reantur,
446 1566 525 1635 sitas
538 1567 572 1633 iu
592 1562 776 1633 castellania
797 1561 992 1652 Steurpeusi,
1016 1560 1117 1653 pretio
1130 1578 1301 1654 sexagenta
1317 1563 1415 1637 libra-

289 1703 359 1750 runi
381 1675 621 1770 parisiensium,
634 1678 674 1746 de
689 1676 806 1767 quibus
826 1698 934 1746 corant
950 1674 1044 1746 nobis
1057 1697 1092 1745 sc
1106 1689 1279 1747 tenuerunt
1291 1675 1416 1770 integre

290 1814 348 1883 pro
363 1790 497 1884 papatis.
520 1788 769 1871 denunciantes,
790 1800 878 1861 cto...
900 1790 1111 1879 (Inaestiture
1132 1812 1188 1883 per
1203 1789 1416 1864 tradicionem

290 1907 488 2000 presentium
510 1904 743 1996 litterarum)...
767 1908 1009 1991 Promittentes,
1029 1914 1116 1976 oto...
1138 1906 1240 1975 inimo
1260 1906 1417 1999 prornisc-

290 2036 379 2107 runt‚
398 2032 486 2094 eto...
507 2021 704 2112 obligarunt,
723 2031 810 2093 eto...
829 2018 1080 2104 denunciantes,
1093 2031 1179 2093 eto...
1195 2044 1295 2113 seque
1309 2026 1417 2115 quoad

291 2141 351 2208 hec
365 2136 581 2227 jurisdictioni
596 2136 835 2207 Aurelianensis
854 2138 943 2206 curie
959 2138 1172 2227 supponendo
1184 2150 1217 2207 et
1237 2158 1294 2228 per
1305 2138 1415 2209 aden.

291 2254 323 2321 in
343 2252 435 2340 cnjus
458 2247 502 2319 rei
524 2248 710 2320 nieutoriarn
735 2263 767 2320 et
793 2248 1014 2320 testimoninm
1055 2247 1261 2341 presentibus
1299 2248 1419 2323 litteris

291 2364 430 2453 sigiduni
440 2363 677 2433 doroiiauonsis
688 2363 775 2433 curie
789 2364 937 2433 riurimus
950 2366 1189 2453 apponendum.
1204 2368 1318 2434 Datum
1331 2386 1417 2435 anuo

291 2475 418 2545 Dourini
448 2479 599 2546 dcccxx
624 2490 749 2558 octauo,
780 2475 832 2546 dic
870 2474 1031 2545 dominica
1068 2474 1101 2545 in
1129 2472 1235 2565 uigilia
1265 2480 1418 2567 desump

291 2586 396 2657 oiouis
412 2592 504 2659 beate
521 2588 614 2657 darie
633 2587 784 2677 Virginis,
807 2609 918 2657 meuse
931 2601 1080 2677 augusto.

1204 2698 1301 2763 dors.

771 2984 935 3047 utlcxtrttt

591 3264 751 3341 dourgcs,
768 3259 803 3321 21
829 3260 1019 3341 septembre
1041 3258 1119 3321 1278

294 3493 365 3564 Gap,
381 3492 556 3563 archeueque
570 3492 604 3546 de
621 3491 757 3562 Bourgcs,
771 3491 917 3546 recountdt
932 3491 974 3547 las
989 3489 1106 3547 tiberio·
1118 3490 1155 3546 ds
1167 3489 1273 3561 l’dssiiro
1293 3488 1331 3547 dc
1358 3492 1420 3549 Ιίι-

330 3593 413 3659 rapot
427 3588 545 3644 restitue
561 3588 577 3642 d
595 3586 787 3642 d'aruuidiacrc
806 3586 840 3641 dc
864 3586 943 3657 Suldp
966 3585 1003 3641 10
1024 3602 1092 3643 sous
1119 3586 1246 3644 touruois
1269 3586 1420 3647 noanon

330 3686 423 3757 oxipds
437 3701 547 3740 comme
561 3688 649 3755 quoto
662 3684 699 3739 da
714 3684 781 3739 curo
796 3683 832 3738 do
851 3684 955 3753 Merop

551 3833 641 3903 (Orig.
656 3850 680 3889 s.
695 3831 792 3905 purch.
809 3831 894 3887 Arcti.
911 3831 949 3887 du
966 3830 1072 3903 Loirot,
1091 3828 1161 3899 (Μ’

341 4031 376 4100 ln
397 4028 526 4099 nominc
542 4026 668 4099 Domini
688 4032 800 4099 umen.
819 4031 909 4098 dnno
923 4030 1070 4119 ejusdem
1087 4026 1212 4099 {iomioi
1244 4026 1420 4101 rnidcsiuto

295 4146 519 4216 ducentesimo
531 4142 769 4235 septuagesimo
779 4157 906 4226 octauo,
922 4166 1035 4215 mense
1050 4144 1258 4237 septembris,
1270 4142 1324 4215 dio
1338 4166 1421 4215 rner-

295 4258 374 4330 rurii
385 4260 530 4350 ejusdem
547 4256 670 4328 mensis
685 4258 717 4328 in
732 4260 815 4329 testo
838 4259 923 4329 beati
941 4259 1055 4329 Mataei
1070 4256 1219 4351 apostoli,
1242 4256 1421 4331 indictione

331 4570 341 4606 ¹
362 4570 459 4715 Gop’ip3
461 4570 499 4626 du
513 4572 607 4627 meme
621 4576 691 4639 acte,
706 4570 787 4625 darec
801 4570 839 4625 du
852 4570 871 4625 3
882 4570 951 4626 srril
967 4568 1047 4641 14¹0,
1063 4586 1117 4625 nux
1139 4570 1277 4627 Atesim
1296 4570 1336 4627 dn
1358 4572 1422 4629 uoi-

299 4664 341 4715 ret
354 4660 389 4717 G.
460 4700 468 4713 .
