3420 5490
761 687 939 751 ..222-

237 824 241 833 '
289 815 337 889 sie
369 813 446 887 uribi
477 814 509 887 in
535 818 691 909 cupellam
719 813 888 900 retineam,
917 830 950 886 et
978 828 1100 906 portem
1125 816 1257 887 alterans
1284 814 1413 889 diruere

289 927 395 1012 liceat,
412 932 470 1002 set
484 933 590 1001 locum
606 928 696 1000 illum
711 951 729 999 a
753 928 843 1000 laicis
863 932 976 1000 usrbus
996 927 1174 1001 immunem
1187 942 1219 1002 et
1233 952 1308 1001 cusu
1321 928 1412 1003 osnui

288 1042 450 1115 montlicia
470 1046 606 1115 debeam
616 1041 791 1114 custodire.
807 1047 931 1115 Omnes
951 1065 1024 1114 rero
1040 1042 1258 1117 obreociooes
1287 1042 1401 1136 quein

288 1158 410 1247 capetta
431 1154 617 1247 provenient
636 1157 675 1226 ad
694 1178 824 1226 manum
844 1155 1012 1247 presbiteri
1041 1157 1172 1246 majoris
1194 1154 1333 1229 ecclesie
1351 1158 1410 1229 tle·

289 1271 467 1340 volventur.
490 1271 651 1349 Ceterum,
674 1291 714 1339 ue
735 1289 791 1359 per
811 1267 1061 1339 translacionem
1078 1268 1217 1340 ecclesie
1235 1270 1414 1341 detrimen·

289 1395 358 1451 tum
384 1379 513 1472 aliquod
539 1383 691 1452 sacerdos
716 1380 868 1467 incurrat,
893 1379 1043 1453 concessi
1080 1395 1113 1453 et
1140 1382 1215 1454 stedi
1253 1380 1360 1453 eidem
1380 1394 1415 1455 et

289 1491 472 1564 successori
491 1496 561 1583 ejus
576 1493 608 1563 iu
624 1507 814 1584 perpetuum
826 1496 908 1564 ‹luos
925 1495 1051 1564 modios
1083 1493 1238 1584 iberosgii
1271 1493 1348 1565 boui
1377 1496 1413 1565 iu

289 1606 484 1676 molendinis
497 1605 577 1675 meis
595 1609 635 1675 ab
652 1628 836 1676 mensnram
852 1607 1071 1689 boheriarum,
1088 1619 1122 1677 et
1142 1628 1243 1677 uuum
1265 1606 1411 1679 morliusu

290 1717 354 1788 viui
369 1717 501 1808 legitimi
521 1719 555 1788 iu
575 1719 666 1790 niuea
697 1740 768 1790 mea
787 1720 828 1789 tle
847 1716 978 1789 ltcberis
1009 1732 1041 1789 et
1063 1720 1103 1789 at
1126 1722 1414 1811 mensuraroejus·

292 1834 364 1902 dem
392 1832 455 1901 loci
475 1827 506 1901 io
531 1833 615 1902 testo
640 1833 744 1903 sancti
766 1830 900 1922 lleruigii
928 1829 1080 1902 omnibus
1109 1830 1203 1903 anuis
1224 1845 1257 1904 et
1275 1830 1415 1925 siugulis

292 1942 527 2036 percipiendos.
562 1947 638 2013 llem
670 1946 754 2015 bauo
773 1940 870 2014 voluit
890 1955 923 2015 et
948 1945 1114 2015 concessit
1139 1966 1217 2014 usor
1243 1966 1315 2017 mes
1340 1948 1416 2017 Per·

291 2059 392 2140 soisa,
422 2055 549 2147 meique
581 2058 718 2127 beredes
744 2055 902 2127 Galterius
924 2054 1084 2141 etGuitlo,
1104 2078 1281 2149 eorumque
1300 2080 1417 2133 osores

291 2169 458 2262 Margarita
491 2182 523 2241 et
558 2172 690 2241 lsabella
718 2171 913 2242 voluntatem
942 2171 1137 2242 attinuerunt
1166 2186 1199 2243 et
1228 2194 1414 2249 ssseosusu.

290 2288 383 2373 Quorl
405 2300 439 2356 ut
452 2299 553 2356 ratum
575 2299 759 2378 permaneat
777 2300 809 2358 et
823 2308 952 2378 semper
970 2288 1085 2358 stabile
1098 2288 1233 2372 lactum,
1250 2286 1311 2360 leci
1325 2310 1417 2361 men·

291 2400 357 2473 dori
376 2399 490 2473 litteris
510 2415 542 2472 et
572 2400 667 2492 sigilli
689 2401 751 2473 mei
767 2405 881 2474 robore
901 2399 1086 2474 confirmari
1105 2414 1138 2474 et
1158 2416 1259 2475 testes
1277 2402 1415 2497 apposui

290 2516 345 2608 qui
376 2515 421 2587 rei
456 2539 528 2588 cum
559 2520 648 2587 beret
678 2517 862 2601 astiterunt,
895 2540 1031 2609 quorum
1062 2517 1191 2589 nomina
1224 2531 1301 2590 suut
1330 2522 1414 2591 bec:

290 2634 455 2703 lohannes
474 2632 514 2700 tle
528 2629 695 2713 lleresilla,
717 2630 819 2701 Guido
840 2634 879 2701 tle
901 2630 1045 2713 belseris,
1064 2629 1257 2721 Rapiosltlus
1275 2633 1317 2703 (lo
1342 2628 1416 2702 Tri·

291 2748 431 2829 ciorilla,
452 2744 522 2815 blito
547 2747 587 2815 tc
619 2744 742 2817 Gerroli.
783 2750 895 2814 bctum
936 2746 1063 2836 publice
1101 2746 1235 2817 bebetis
1266 2748 1299 2817 iu
1338 2748 1413 2817 suls

295 2883 379 2944 mee,
413 2862 572 2929 incarnati
600 2861 695 2929 Verbi
720 2882 806 2929 anno
832 2862 869 2928 bl·
906 2860 965 2927 CC·
995 2860 1061 2942 lll·,
1089 2880 1202 2930 meuse
1231 2862 1415 2943 novembri,

292 2988 447 3066 regnante
476 2975 638 3066 l‘bilippo,
671 2974 823 3045 burlorici
857 2975 937 3057 lilio,
968 2973 1190 3045 illustrissimo
1221 2976 1417 3047 l'raucorum

292 3114 383 3182 rege.

811 3440 888 3501 CXL

634 3715 787 3786 Orle'ons,
806 3714 986 3778 novembre
1003 3712 1082 3777 tuoe

429 3964 468 4020 Le
482 3963 571 4035 (loyen
587 3969 613 4019 et
629 3965 655 4019 le
669 3965 796 4036 cbapitre
808 3964 1008 4035 bomologuent
1023 3963 1104 4019 l’scte
1113 3962 1278 4035 procident.

444 4110 537 4182 (Oris.
553 4111 637 4167 Arch.
653 4110 691 4165 du
706 4110 809 4179 Loirsl,
825 4110 855 4167 G.
872 4108 1258 4183 memoratissimum)

342 4324 408 4415 ligo
419 4324 515 4393 l'ulco
526 4325 710 4394 decanusct
726 4320 909 4393 uniuersum
927 4326 1044 4395 Sancte
1054 4320 1166 4394 Crucis
1179 4324 1420 4399 Aurelianensis

291 4439 471 4531 capitulum
489 4453 600 4509 noturn
616 4439 751 4509 liscirnus
769 4438 973 4531 presentibus
985 4454 1017 4511 et
1031 4436 1145 4509 tuturis
1160 4436 1262 4509 virum
1278 4438 1419 4513 nobilem

295 4554 485 4640 Galteriurn,
505 4553 627 4625 sturnini
654 4552 739 4644 regis
756 4554 980 4639 camerarium,
1011 4556 1051 4626 rle
1077 4552 1205 4625 licentis
1230 4552 1422 4629 venerabilis

296 4670 452 4762 patrisso
470 4667 593 4739 domini
614 4666 756 4761 llugoois
779 4667 1021 4740 Aurelianensis
1049 4667 1207 4763 episcopi,
1235 4688 1365 4741 secum
1386 4682 1421 4741 et
