3420 5490
774 711 811 722 -
832 677 872 740 35
893 711 930 723 ..

290 801 502 893 gloriosissini
520 805 604 893 regis
633 802 848 887 llarlomanni‚
871 801 903 870 in
936 800 1053 892 quibus
1086 800 1336 873 continebantur
1364 826 1403 875 ec

290 917 398 985 clesiae
430 913 666 985 Aurelianensis
692 912 854 1005 privilegia
881 912 948 983 sive
987 927 1146 1004 praecepta
1184 912 1216 982 in
1250 913 1412 1004 eligendis

290 1026 351 1098 sibi
373 1026 578 1118 potitilrcibus
596 1025 786 1097 auctoritate
815 1025 993 1115 apostolico
1025 1044 1057 1096 et
1076 1039 1319 1097 antecessorum
1337 1050 1414 1097 uos·

290 1155 410 1211 trorum
431 1139 729 1211 confirmationibus
745 1141 897 1209 babuisse
923 1141 1056 1209 firmata.
1080 1138 1134 1209 llis
1169 1137 1277 1228 itaque
1312 1141 1413 1209 tultus

289 1253 543 1335 auctoritatibus,
578 1265 719 1323 nostram
770 1250 1023 1343 magnitudinem
1052 1250 1195 1322 exoravit
1229 1264 1262 1321 ut
1294 1266 1413 1323 uostrae

288 1365 487 1438 auctoritatis
506 1381 700 1458 pracceptum
721 1389 819 1459 super
837 1368 900 1436 boc
929 1367 1037 1436 denuo
1050 1362 1243 1454 couscriptae
1264 1367 1416 1437 reconfir-

288 1503 471 1552 massemus
490 1479 649 1551 ecclesiae.
678 1482 776 1570 Cujus
798 1477 995 1550 humillimas
1016 1478 1197 1571 peticiones
1225 1493 1329 1551 rectas
1360 1500 1417 1569 per

288 1596 395 1667 omnia
409 1593 654 1686 perspicientes,
672 1592 776 1685 primo
795 1592 939 1664 omnium
958 1617 1015 1684 pro
1028 1591 1085 1664 Dei
1106 1616 1215 1665 amore
1234 1605 1267 1665 et
1289 1599 1416 1664 Sanctae

290 1712 440 1779 llomanm
459 1707 613 1780 Ecclesiae
634 1705 838 1778 ueneratione
852 1719 886 1778 et
903 1706 1006 1799 ipsius
1027 1704 1234 1777 sacratissimi
1248 1704 1310 1777 loci
1326 1727 1415 1777 rere·

289 1821 404 1905 rentia,
424 1821 478 1912 qui
499 1820 629 1912 speciali
649 1819 887 1905 benedictione,
913 1842 970 1912 per
991 1843 1106 1891 manus
1131 1819 1260 1891 scilicet
1285 1817 1413 1890 Domini

291 1934 538 2027 apparitionem,
576 1948 784 2005 consecratus
815 1956 889 2005 esse
936 1931 1128 2018 dinoscitur,
1168 1931 1235 2004 deri
1276 1931 1414 2005 libenter

290 2047 502 2121 decrevimus.
520 2046 735 2120 concedimus
763 2060 915 2139 praeterea
937 2049 1033 2138 bujus
1053 2059 1174 2117 sanctro
1190 2061 1300 2118 matris
1314 2050 1418 2119 eccle

291 2163 348 2234 sim
368 2163 577 2253 omniumque
597 2160 865 2232 monasteriorum
896 2158 957 2231 sibi
991 2159 1220 2251 pertinentium
1250 2159 1417 2232 canonicis

289 2291 321 2350 et
353 2290 514 2370 praecepto
546 2289 663 2347 uostrm
698 2274 897 2347 auctoritatis
928 2277 1131 2358 roboramus,
1165 2288 1200 2346 ut
1221 2274 1414 2368 quicqutuv,

289 2394 399 2465 clerici
437 2395 638 2485 prrclatorum
673 2394 816 2463 locorum
850 2404 995 2484 tempore
1024 2392 1097 2463 vitm
1129 2414 1195 2463 suae
1228 2392 1343 2464 domos
1362 2408 1418 2464 aut

289 2507 423 2578 aedificia
455 2507 610 2578 aedillcata
642 2509 690 2577 rel
718 2505 906 2577 mdillcanda
926 2505 1162 2597 promeruerint
1174 2519 1203 2591 ⁰,
1223 2506 1417 2598 cuicumque

289 2620 469 2711 delegerint
487 2644 524 2693 ex
539 2622 639 2706 clero,
658 2622 798 2691 babeant
828 2618 969 2691 donandi
992 2618 1186 2702 libertatern,
1208 2621 1277 2691 sive
1296 2643 1417 2690 venun-

288 2732 383 2805 dandi
407 2745 611 2826 potestatem,
631 2732 702 2803 sine
718 2732 822 2822 aliqua
844 2730 1075 2822 prohibitione,
1101 2744 1134 2803 et
1165 2733 1245 2802 inira
1275 2734 1415 2804 claustra

288 2850 491 2940 praelatorum
521 2848 664 2916 locorum
686 2847 792 2915 nullus
824 2846 864 2914 dc
894 2846 1035 2915 exercitu
1059 2858 1113 2914 aut
1132 2857 1275 2936 potestas
1310 2845 1416 2937 aliqua

287 2959 527 3052 episcoporum,
549 2961 713 3044 abbatum,
735 2958 903 3042 comitum,
943 2982 1000 3029 seu
1017 2958 1213 3049 reliquorum
1245 2982 1414 3050 procerum

290 3072 559 3146 mansionaticum
593 3094 688 3163 agere
722 3084 920 3162 prrosnmat3
954 3075 1011 3144 sed
1051 3071 1133 3144 servi
1169 3072 1296 3143 Domini
1336 3073 1414 3145 inibi

290 3200 546 3270 commanentes,
566 3185 850 3276 antiqualibertate
867 3184 970 3276 potiti,
985 3184 1130 3256 militiam
1147 3185 1273 3258 llomini
1287 3189 1410 3278 absque

292 3307 354 3374 ulla
391 3299 612 3393 inquietudine
644 3303 769 3371 valeant
794 3302 921 3391 explere
958 3299 1076 3372 securi.
1111 3305 1149 3372 Ει
1180 3315 1213 3372 ut
1240 3303 1330 3373 lrocl
1357 3326 1415 3393 per

292 3417 398 3490 omnia
418 3430 562 3508 terppora
582 3413 807 3486 inuiolabiliter
823 3429 1032 3486 conservetur
1058 3414 1228 3505 veriusque
1249 3417 1411 3505 credatur,

293 3556 387 3604 manu
404 3530 529 3624 propria
554 3529 874 3614 subterfirmavimus,
906 3543 937 3602 ct
957 3530 1043 3602 anuli
1068 3530 1168 3602 nostri
1201 3530 1415 3621 impressione

292 3646 446 3737 assignari
476 3645 648 3736 jussimus.
692 3649 806 3715 Datum
845 3645 1036 3715 Silvanectis
1069 3643 1198 3734 palatio,
1222 3668 1334 3717 mense
1362 3669 1416 3717 uo·

293 3758 425 3841 rembri,
455 3756 631 3828 indictione
659 3771 784 3847 quarta,
804 3779 890 3826 anno
927 3770 1041 3848 quarto
1074 3771 1229 3847 regnante
1259 3761 1414 3850 llugone⁰

293 3896 377 3964 rope.
398 3869 571 3943 llainnldus
590 3870 761 3963 episcopus
774 3869 1144 3963 etprotlrocancellarius
1165 3871 1333 3963 scripsitt.

325 4600 454 4651 xxxtx.
473 4626 502 4639 -
517 4599 720 4666 mquioumque.
736 4630 766 4638 -
779 4616 808 4651 o.
823 4601 1046 4665 promeruerit.-
1058 4603 1085 4651 b.
1103 4600 1173 4653 banc.
1189 4628 1220 4642 -
1232 4615 1258 4651 c.
1275 4601 1361 4652 Rotbe
1377 4606 1416 4652 to.

302 4706 326 4721 -
338 4683 364 4730 d.
386 4681 558 4746 subscripsit.
