3420 5490
759 661 935 737 -tnl-

292 798 489 884 malignitate
504 812 679 880 rivirtentur,
702 821 914 887 rnauueapere
930 798 1108 889 scriptique
1123 813 1217 889 alque
1231 796 1328 889 sigilli
1343 822 1414 889 pre·

289 910 391 979 sentis
425 908 601 1000 patrocinio
629 910 848 981 necessarium
884 912 1033 979 clusimus
1064 915 1267 981 contlrmare.
1298 917 1411 981 Actum

290 1021 417 1113 publice
434 1025 626 1110 Aurelianis,
645 1047 731 1094 antro
751 1022 981 1094 incarnationis
995 1023 1155 1096 dominice
1171 1029 1363 1095 scitust.

811 1339 875 1400 tztx

723 1598 875 1668 tlrleans,
896 1598 971 1662 ttea

279 1826 424 1887 ,Abanrlon
440 1843 475 1882 au
490 1827 614 1899 elrapitre
629 1842 678 1898 par
691 1825 778 1880 (liltes
792 1824 827 1880 de
840 1825 932 1896 toury
951 1829 979 1881 et
1002 1840 1047 1879 ses
1072 1824 1161 1880 lrlroo
1179 1822 1215 1878 de
1235 1822 1312 1878 leurs
1325 1823 1414 1879 drolls

656 1938 705 1977 sur
718 1920 823 1991 l'eglise
835 1920 870 1975 cle
886 1920 1036 1976 Cluilleurr.

366 2067 452 2136 (Orig.
469 2083 492 2120 a.
506 2066 600 2138 percle.
616 2065 700 2120 Arelt.
718 2065 755 2120 du
772 2064 875 2131 loiret,
890 2067 922 2120 G.
935 2063 984 2117 391
999 2080 1007 2133 ;
1024 2062 1148 2118 mention
1163 2061 1337 2134 Scriptum).

336 2274 533 2368 lllenrieusl,
557 2276 612 2347 llei
628 2274 727 2366 gratia
749 2273 987 2346 Aurelianensis
1006 2274 1193 2368 episeopus.
1209 2275 1362 2345 omnibus
1379 2272 1412 2342 iu

292 2404 492 2479 perpetuum.
516 2393 552 2461 tlt
573 2389 604 2461 in
638 2391 760 2460 nostris
786 2402 875 2480 gesta
903 2387 1103 2479 temporibus
1135 2389 1233 2460 robur
1260 2401 1413 2481 perpetue

287 2502 469 2573 stabilitatis
488 2503 653 2595 optineant
672 2517 704 2574 et
725 2501 913 2574 memoriam
930 2501 1091 2574 naseiture
1112 2500 1308 2592 posteritatis
1317 2503 1413 2572 attin·

286 2629 375 2706 gant,
394 2615 532 2686 consilio
552 2617 724 2687 maturiore
744 2615 905 2707 provisum
925 2629 974 2686 est
1006 2639 1058 2686 res
1078 2614 1300 2705 sollempniter
1330 2617 1415 2686 cete·

288 2732 394 2799 lrratas
406 2729 554 2817 sigillatis
584 2729 732 2821 apicibus
752 2730 959 2819 perlvennari.
986 2732 1159 2818 liapropter
1188 2729 1227 2797 ad
1260 2726 1414 2799 uniuersi·

289 2841 362 2912 tatis
396 2855 502 2911 vestre
538 2841 688 2911 noticiam
722 2844 870 2912 volumus
909 2839 1089 2931 pertenire,
1124 2842 1210 2929 quod
1245 2839 1276 2909 iu
1306 2854 1414 2913 nostra

288 2953 447 3046 protentio
475 2951 642 3026 constituti
672 2957 749 3044 tlplo
783 2956 823 3024 tle
861 2953 991 3024 toriaco
1011 2954 1152 3023 clericus
1181 2966 1214 3023 el
1249 2954 1416 3026 totnannes

288 3065 379 3138 mites
399 3080 431 3137 el
451 3068 548 3138 Arlarn
562 3079 592 3137 et
608 3065 764 3137 llenrieus
784 3069 896 3137 tratres
916 3064 992 3137 tlieti
1015 3064 1139 3149 cleriei,
1159 3063 1270 3137 miultis
1288 3063 1415 3158 opinio·

288 3183 339 3252 uis
375 3186 510 3253 lvnneste
536 3181 682 3274 personis
716 3181 911 3263 astantibus,
949 3182 1102 3275 ‹priepvirl
1137 3178 1168 3250 in
1207 3178 1345 3253 ecclesia
1374 3182 1415 3254 tle

288 3295 435 3368 tllviteriis
450 3320 486 3367 se
502 3299 619 3368 trabere
638 3297 790 3366 ‹licclrant
812 3298 995 3365 karissimis
1012 3292 1265 3382 consanguineis
1295 3290 1415 3367 uostris

290 3410 412 3500 ltugnni
437 3409 608 3481 venerabili
634 3424 744 3480 sancte
765 3411 877 3481 Caucis
896 3410 1020 3479 decano
1036 3423 1068 3479 et
1096 3407 1266 3499 ltlanaaset
1286 3409 1415 3498 capice-

290 3522 336 3593 rio
356 3537 387 3592 et
409 3536 479 3613 post
500 3523 642 3612 ipsorum
664 3524 834 3592 vlecessnm
848 3519 986 3592 ecclesie
999 3525 1115 3591 Sancte
1131 3522 1244 3591 Crucis
1260 3532 1416 3611 perpetuo

289 3639 436 3706 absolute
466 3652 497 3706 et
526 3634 624 3706 littere
652 3635 868 3725 «nutaverunt,
902 3649 932 3704 et
960 3636 1045 3724 quod
1067 3632 1165 3703 nichil
1193 3653 1344 3724 umquam
1375 3633 1416 3704 do

289 3766 398 3820 cetero
419 3748 449 3818 in
468 3751 580 3818 eavlern
600 3751 739 3820 ecelesia
768 3752 991 3830 reclamarent,
1026 3745 1215 3838 interposita
1241 3744 1417 3816 elaristiane

291 3862 362 3932 lnlei
397 3860 549 3950 religione
588 3864 765 3930 firmarunt.
804 3865 824 3930 A
856 3859 1049 3952 supradietis
1075 3859 1172 3952 igitur
1202 3859 1346 3952 thlonel
1384 3872 1417 3930 et

290 3976 461 4067 ltelaannet
483 3987 514 4043 et
536 3975 680 4064 Atvlamut
702 3989 734 4046 et
751 3973 912 4066 ltlenricot
934 3989 1095 4065 tanaquam
1126 3997 1143 4044 a
1176 3972 1296 4044 uostris
1315 3971 1416 4044 lltleli·

293 4092 353 4160 lma
380 4086 511 4169 exorati,
540 4085 750 4176 quitationem
786 4089 871 4157 illam
898 4090 1023 4158 decano
1051 4100 1083 4157 et
1104 4085 1264 4180 capicerio
1282 4099 1315 4158 et
1344 4098 1417 4179 post

293 4202 379 4292 ipsos
396 4198 536 4271 ecclesie
555 4205 673 4271 Sartcte
693 4199 805 4271 Crucis
824 4215 856 4270 et
873 4202 913 4270 ab
934 4199 995 4270 illis
1010 4215 1042 4271 et
1056 4204 1097 4271 alt
1114 4223 1226 4272 eorum
1243 4201 1417 4271 ltereslilsus

293 4317 536 4405 manucapirnus
568 4314 700 4383 tirmiter
728 4329 759 4385 et
793 4314 929 4384 lrtleliter
956 4316 1187 4384 observantiam
1215 4327 1248 4385 et
1278 4336 1348 4385 eam
1375 4315 1415 4384 ad
1533 4391 1542 4410 ³

292 4453 407 4520 preces
421 4445 452 4501 et
474 4427 721 4520 postulationem
738 4427 879 4518 ipsorum
894 4442 981 4499 carte
993 4443 1025 4499 el
1047 4428 1142 4520 sigilli
1163 4426 1322 4520 presentis
1341 4451 1415 4500 auc·

292 4544 418 4616 toritate
439 4543 469 4614 in
505 4558 692 4636 perpetuum
708 4546 950 4614 consumamus.
984 4548 1094 4614 Actum
1119 4541 1309 4625 Aurelianis,
1331 4565 1417 4615 anno

293 4660 384 4734 l'crlti
406 4662 561 4733 incarnati
581 4662 724 4731 ttutctt.
