3420 5490
760 725 879 787 -230
900 757 938 770 -

287 863 396 920 cetero
429 848 570 941 petituri.
593 851 688 934 Quod
707 849 738 917 in
760 860 869 917 nostra
889 851 1007 917 lactum
1028 845 1193 940 presencia
1223 858 1258 918 ut
1298 863 1414 919 notum

288 976 320 1034 et
336 964 451 1034 stabile
477 977 672 1054 perseueret,
704 973 886 1055 presentem
916 958 1063 1053 paginam
1088 958 1201 1032 litteris
1227 975 1413 1033 annotatam

287 1078 326 1147 ad
348 1075 535 1169 petitionem
556 1075 694 1169 partium
712 1073 807 1165 sigilli
832 1073 932 1146 nostri
952 1071 1137 1146 testimonio
1150 1074 1287 1147 lecimus
1319 1096 1414 1148 oum·

287 1189 417 1261 muniri.
432 1195 544 1260 dotum
563 1212 648 1260 anno
669 1186 770 1279 gratie
785 1192 823 1258 h·
843 1189 904 1257 CC·
927 1185 1077 1279 septimo.

819 1870 898 1933 thot

292 2123 419 2193 lnbeau,
434 2123 538 2179 lemme
552 2123 587 2179 de
598 2123 666 2179 Jean
679 2121 828 2189 d’dlonne‚
844 2120 1011 2179 ahandunne
1025 2125 1041 2179 i
1065 2122 1255 2181 Saintellroix
1269 2124 1297 2181 la
1312 2140 1418 2181 menne

327 2219 401 2274 dlme
415 2224 443 2274 et
457 2218 498 2273 les
510 2217 649 2273 oblatione
672 2217 707 2271 oe
717 2216 822 2287 l'eplise
839 2217 873 2271 de
887 2218 995 2288 Nouam,
1012 2220 1171 2291 lunptomps
1185 2218 1341 2290 dispulsos.

530 2360 618 2431 (orig.
633 2378 656 2415 s.
674 2361 768 2433 parch.
785 2360 870 2416 doch.
886 2359 924 2416 du
934 2361 1036 2428 Loirst,
1053 2361 1085 2416 G.
1098 2360 1174 2429 355).

339 2580 403 2667 Ego
423 2573 802 2645 hrchamhaudusdictus
835 2576 935 2645 abhas
955 2578 994 2645 de
1014 2574 1153 2659 oliveto,
1175 2576 1327 2649 omnihus
1345 2600 1417 2670 pre·

295 2702 406 2760 sentes
425 2686 547 2759 litteras
566 2685 761 2779 inspecturis
774 2685 805 2755 in
822 2689 958 2757 [lumino
977 2690 1124 2759 salntem.
1139 2690 1183 2758 hd
1199 2686 1417 2761 universitatis

296 2814 401 2873 vestre
422 2798 573 2871 noticiam
608 2801 755 2869 noluimus
781 2800 933 2870 devenire
963 2802 1063 2890 quod,
1088 2803 1129 2872 nd
1163 2823 1276 2892 preces
1306 2800 1415 2874 dilecti

298 2916 399 2986 nostri
417 2912 586 2997 iohannis,
600 2910 814 2984 archidiaconi
830 2912 1082 2998 Aurelianensis,
1098 2936 1206 2985 corum
1238 2914 1309 3007 ipso
1329 2912 1417 2987 veiri-

297 3054 369 3102 mus
388 3030 472 3122 apud
483 3032 594 3111 Nuem,
612 3026 665 3097 uhi
679 3030 808 3097 dornrna
824 3029 939 3112 lualid,
961 3051 1038 3098 uuor
1051 3031 1207 3100 iohannis
1229 3032 1270 3101 de
1305 3033 1419 3119 dlona,

297 3146 328 3216 in
348 3159 457 3215 nostru
471 3142 645 3213 constituta
667 3143 842 3233 presentia,
858 3140 990 3233 quitavit
1005 3142 1110 3213 uideor
1135 3142 1363 3216 aneliidiaeonu
1387 3160 1421 3217 et

296 3256 434 3330 ecclesie
459 3260 576 3327 Sancte
612 3254 722 3325 Crucis
754 3253 991 3325 drrreliuueosis
1022 3257 1055 3324 iu
1095 3270 1283 3347 perpetuum
1315 3256 1421 3329 minu·

298 3388 361 3442 tam
377 3370 534 3441 decimam
555 3370 595 3437 de
626 3370 792 3459 parrochia
816 3369 856 3437 de
885 3371 984 3437 Noem
1016 3382 1048 3437 et
1074 3368 1256 3440 ohlationes
1273 3372 1421 3460 ejusdem

296 3486 437 3556 ecclesie
455 3496 488 3553 et
499 3483 645 3572 ejusdem
663 3482 749 3563 ville,
769 3482 996 3572 superemines
1012 3483 1068 3551 diu
1086 3496 1208 3553 uersata
1224 3484 1325 3554 luerat
1343 3506 1423 3555 cun·

297 3598 399 3668 tentio
412 3597 497 3665 inter
512 3592 634 3664 dictum
649 3594 915 3665 archidiaconum
935 3597 1011 3664 etl.
1031 3595 1072 3663 de
1090 3595 1200 3679 ttoni,
1220 3596 1422 3687 virumeius.

298 3712 375 3781 Fide
394 3708 490 3780 etiam
511 3708 651 3778 mediate
670 3721 701 3778 et
722 3708 932 3797 corporaliter
953 3705 1084 3798 prestita
1097 3708 1130 3777 iu
1151 3729 1253 3779 mauu
1262 3707 1423 3801 sepedicti

298 3820 530 3906 archidiaconi,
547 3821 683 3889 llrmauit
700 3820 785 3910 quod
813 3840 988 3909 numquam
1002 3821 1072 3908 ipsa
1094 3820 1142 3889 rel
1164 3818 1246 3890 alius
1273 3842 1422 3911 peream

299 3945 354 4007 aut
373 3957 430 4025 pro
445 3956 483 4005 ea
501 3932 532 4003 iu
554 3934 698 4024 predicta
719 3931 843 4002 decima
860 3953 919 4002 seu
934 3930 1152 4003 ohlationihus
1176 3934 1299 4024 aliquid
1320 3936 1424 4007 reolu-

300 4051 458 4120 maret.ln
478 4050 571 4139 cujus
588 4044 632 4117 rei
652 4043 871 4117 testimonium
893 4060 926 4117 et
955 4048 1144 4117 memoriam
1171 4059 1235 4118 mm
1273 4050 1313 4118 ad
1341 4045 1422 4119 dieti

299 4161 518 4233 archidiaconi
532 4182 628 4252 quam
645 4160 730 4231 dicte
748 4158 878 4230 domiue
899 4157 1085 4249 petitionem
1117 4174 1300 4251 presentem
1336 4158 1425 4252 pagi·

300 4298 373 4345 nam
400 4274 497 4347 scribi
520 4291 552 4345 et
584 4272 679 4366 sigilli
700 4272 799 4343 nostri
820 4272 955 4344 lecimus
981 4272 1114 4359 muniri,
1154 4295 1240 4345 anno
1276 4272 1423 4345 iucarna-

300 4384 397 4459 tionis
415 4386 580 4459 dominice
598 4382 1005 4457 mittestmoducentesino
1017 4382 1169 4477 septimo.
