3420 5490
763 616 941 680 430*

292 745 320 815 la
341 765 451 833 rayne,
473 765 514 813 an
536 743 598 812 l’an
614 743 655 811 de
682 763 780 832 grace
797 745 911 813 Nostre
931 746 1076 833 Seguenr
1096 740 1151 811 mil
1177 754 1209 813 et
1229 744 1311 813 deur
1336 764 1418 815 cena

292 869 325 927 et
341 869 453 946 quatre
469 856 542 926 rirrz
555 868 588 927 et
603 852 683 941 buit,
697 876 717 926 o
731 853 815 926 mois
831 852 954 941 tl'avril,
967 855 996 927 lc
1007 852 1179 929 dimauclte
1192 878 1288 948 apres
1301 854 1417 943 Quasi·

292 972 402 1057 modo,
417 983 449 1043 ct
469 972 515 1042 lut
536 973 578 1043 let
597 981 629 1042 et
647 972 768 1042 acorde
788 993 806 1042 a
823 973 939 1063 Gnaps.

771 1258 931 1321 cctluvltt

760 1500 849 1563 Avril
870 1498 950 1563 1288

578 1674 742 1748 Expeditiou
756 1674 795 1731 tlu
818 1676 911 1730 mente
929 1682 989 1731 acle
1003 1691 1039 1731 en
1053 1674 1130 1731 latin.

502 1818 592 1889 (orig.
605 1834 628 1873 s.
645 1818 742 1890 perch.
760 1817 843 1873 Arch.
859 1817 898 1874 du
913 1818 1008 1875 Loirel
1022 1818 1056 1874 G.
1069 1818 1125 1875 350
1139 1818 1206 1891 bit.)

338 1986 499 2058 Universis
521 2002 688 2079 presentes
710 1987 833 2056 litteras
857 1984 1053 2077 inspecturis
1072 1984 1222 2059 officialis
1242 1988 1417 2061 Carnoleu·

290 2101 335 2174 sis
356 2106 493 2174 salutem
510 2100 542 2172 in
564 2104 715 2173 Domino.
733 2101 882 2172 Noverint
912 2100 1053 2175 universi
1076 2104 1293 2193 occisuram
1325 2102 1417 2175 Guil-

290 2219 391 2288 lermo
408 2218 448 2295 de
463 2220 575 2300 Puteo,
603 2214 720 2286 clerico
740 2212 827 2286 curie
849 2228 973 2301 nostra,
1001 2214 1125 2287 notario
1141 2217 1247 2307 jurato
1263 2217 1304 2288 ad
1318 2218 1381 2289 boc
1397 2238 1416 2287 a

291 2329 384 2400 nobis
410 2327 593 2420 specialiter
620 2328 792 2409 destinato,
818 2327 870 2399 cui
900 2343 1055 2419 quantum
1086 2331 1128 2401 atl
1158 2332 1221 2403 bec
1243 2344 1277 2403 et
1295 2332 1415 2423 maiora

291 2446 386 2513 lolem
411 2442 601 2515 adhibemus
633 2440 823 2534 pleniorem,
855 2456 887 2513 et
912 2441 945 2512 iu
976 2442 1143 2535 presencia
1174 2442 1279 2535 ipsius
1299 2444 1415 2517 nolani

291 2557 392 2627 nostri
411 2571 442 2627 et
477 2558 607 2626 testium
629 2554 760 2626 inlerius
789 2556 1038 2641 nominatorum,
1062 2570 1193 2650 propter
1211 2559 1274 2629 boe
1303 2580 1417 2649 perso-

290 2668 403 2741 naliter
432 2669 611 2751 constituti,
646 2668 845 2739 lleimcricus
868 2670 909 2739 dc
936 2668 1034 2755 Gaiis,
1055 2668 1206 2761 armiger,
1227 2684 1258 2743 et
1280 2668 1414 2743 (lumina

289 2789 432 2858 lobaona
452 2788 492 2856 de
509 2785 643 2856 llouiaco
657 2784 794 2876 lliparie,
808 2787 878 2876 ejus
892 2809 982 2872 uxor,
999 2788 1160 2878 quondam
1179 2810 1258 2858 uror
1272 2786 1414 2859 defuncti

290 2900 429 2993 Crispini
461 2904 500 2972 tle
533 2898 733 2993 llnppelorti,
760 2904 922 2991 quontlam
954 2899 1078 2987 militis,
1108 2900 1251 2975 conlessi
1287 2906 1415 2975 larcruul

289 3040 398 3089 coram
417 3017 633 3109 tliclojuruto,
654 3027 741 3088 ele...
761 3018 829 3107 (cb.
857 3018 1054 3105 tltlclvl)...

332 3136 369 3203 Et
384 3134 650 3203 renunciaverunt
667 3156 722 3224 per
734 3135 829 3201 libem
847 3156 938 3204 suam
958 3132 1110 3205 omnibns
1126 3132 1294 3225 premissis
1309 3134 1416 3208 medis

289 3245 708 3336 omuibusiprilnrscnnque,
722 3246 926 3336 presentibus
934 3249 973 3316 ad
983 3250 1043 3316 bcc
1054 3250 1224 3319 Guillclrnn
1233 3252 1275 3319 Le
1282 3252 1415 3335 Ferrou,

288 3362 424 3428 custotle
443 3358 540 3447 sigilli
562 3357 763 3448 prepositure
783 3357 998 3449 Stampensis,
1017 3362 1162 3430 lohanne
1185 3362 1354 3453 l‘icquartli
1374 3362 1417 3433 tle

289 3469 450 3552 Corlrolio,
468 3470 646 3559 lleginaldo
660 3472 700 3540 tle
718 3469 816 3553 tlaiis,
831 3470 946 3554 militc,
959 3469 1309 3566 lluillernrollarquier,
1328 3494 1414 3566 pren

288 3585 403 3667 bitero,
430 3597 554 3654 rcctorc
583 3582 720 3653 ecclesie
751 3586 791 3654 tle
823 3582 987 3666 Fontanis,
1019 3597 1227 3676 procuratore
1255 3588 1415 3657 dictorum

288 3694 400 3766 tlccaoi
413 3710 445 3767 et
458 3695 604 3785 capituli,
620 3694 756 3766 testibus
774 3697 814 3766 arl
835 3700 896 3766 boc
912 3700 954 3767 ab
974 3696 1046 3787 ipso
1062 3698 1170 3787 jurato
1191 3712 1304 3770 nostre
1322 3722 1416 3771 noea·

289 3811 331 3878 tis
343 3825 376 3879 et
388 3810 519 3900 rogatis,
538 3823 630 3901 prout
651 3814 709 3879 lrnc
727 3809 834 3880 omnia
849 3809 1091 3900 dictusjurntus
1107 3824 1232 3897 noster,
1248 3810 1300 3883 cui
1313 3833 1416 3903 quan·

290 3939 356 3994 tum
370 3926 409 3995 atl
423 3927 483 3995 lrcc
498 3938 531 3995 et
544 3927 661 4016 maiora
676 3927 770 3995 lilcm
783 3923 975 3997 atllribcmus
988 3926 1180 4019 pleniorem,
1197 3924 1292 3999 nobis
1306 3924 1416 3999 retulit

290 4042 356 4112 viva
378 4064 467 4113 noco.
491 4045 524 4111 ln
555 4044 647 4131 cujus
674 4040 718 4111 rei
749 4040 969 4113 testimouium
989 4057 1021 4112 ct
1041 4040 1209 4113 muuimcu
1227 4046 1267 4113 atl
1283 4042 1418 4115 relacio·

289 4176 362 4224 nem
383 4154 459 4224 dicti
477 4153 573 4245 jurati
593 4153 694 4225 nostri
723 4166 755 4225 et
778 4152 966 4246 petitionem
982 4154 1142 4227 dictorum
1162 4154 1363 4227 teutlitoruru
1381 4171 1416 4228 et

288 4270 512 4360 fidejussorum
547 4291 679 4340 suorum
704 4284 737 4339 et
764 4269 922 4340 dictorum
949 4268 1125 4341 Theobaltli
1156 4282 1190 4341 ct
1215 4270 1288 4363 ejus
1308 4270 1415 4343 uxoris

287 4382 429 4476 sigillum
451 4400 596 4456 nostrum
628 4386 834 4476 presentibus
866 4382 983 4456 littcris
1005 4383 1153 4456 tluriruus
1169 4388 1411 4479 apponentluut.

288 4502 402 4570 llatum
438 4522 524 4570 arrrro
563 4498 689 4569 llomini
723 4497 895 4570 millesimo
933 4498 1178 4571 ‹lucceutesimo
1211 4498 1414 4591 octogesimo

287 4630 413 4699 octavo,
436 4636 565 4685 mensse
582 4612 696 4704 aprilli.
1102 4618 1140 4688 tr.
1166 4640 1203 4683 or
1228 4618 1326 4685 l‘urnu
