3420 5490
813 1026 952 1089 ccxciv

765 1327 805 1391 td
827 1328 908 1391 avril
921 1326 1001 1390 1253

316 1573 356 1629 Lo
370 1572 496 1646 cbopitrs
518 1573 636 1629 accorde
650 1574 666 1629 t
682 1570 878 1629 t'arebidiaera
900 1571 935 1628 de
957 1570 1081 1629 Gdtiuais
1095 1574 1123 1629 ts
1140 1572 1317 1631 distribution
1337 1590 1374 1633 cn
1386 1592 1440 1633 sou

352 1670 541 1725 anniversarius
556 1668 590 1725 de
604 1685 637 1723 es
652 1670 700 1741 qni
715 1669 866 1740 ddpassera
884 1668 902 1722 d
923 1667 1006 1724 liures
1022 1670 1121 1741 parisis
1134 1670 1205 1725 dana
1219 1671 1246 1726 is
1257 1670 1334 1743 topos
1352 1671 1388 1727 dc
1407 1688 1441 1729 sa

352 1763 460 1820 maison
483 1763 522 1820 du
545 1764 653 1834 aloitus,
677 1779 712 1819 on
731 1762 939 1821 consideration
953 1763 1003 1818 des
1019 1764 1193 1837 reparatione
1206 1762 1276 1839 qu'it
1291 1780 1334 1838 pa
1347 1764 1439 1823 iaitsa.

550 1909 640 1981 (orig.
654 1926 678 1967 s.
694 1910 791 1985 purch.
806 1910 891 1968 dreb.
903 1908 949 2005 du
960 1910 1065 1984 botrot,
1081 1911 1116 1969 G.
1133 1910 1209 1981 288).

358 2156 508 2227 Tetricus
522 2156 666 2224 decanus
687 2166 853 2244 totumque
880 2152 1057 2246 capitutum
1082 2152 1321 2227 Aurelianensis
1335 2158 1439 2227 ecete-

315 2268 363 2340 sis
382 2266 534 2340 omnibns
555 2280 722 2358 presentes
735 2266 857 2338 titteras
877 2268 1072 2359 inspecturis
1088 2268 1121 2338 iu
1134 2268 1273 2340 Domino
1287 2272 1438 2343 satutem.

313 2381 465 2455 Noverint
485 2380 624 2452 uniuersi
649 2383 734 2472 qnod
766 2379 812 2453 uir
830 2381 1023 2453 uenerabitis
1041 2397 1073 2453 et
1100 2382 1237 2455 dilectus
1255 2397 1366 2456 noster
1379 2388 1438 2457 t'e-

315 2512 396 2580 trus,
417 2494 663 2567 archidiaconus
684 2494 909 2578 wastinensis,
930 2498 1091 2587 qnondam
1111 2498 1351 2569 concanonicus
1364 2520 1440 2569 nos·

316 2623 374 2696 ter,
397 2623 546 2679 tenensa
566 2605 660 2677 uobis
676 2608 835 2699 quondam
856 2609 988 2677 domurn
1003 2624 1145 2679 nostram
1158 2610 1349 2700 sitamjuxta
1362 2614 1441 2682 Har·

314 2720 430 2791 trcium
448 2724 565 2789 Sancte
596 2717 707 2790 Crucis
723 2733 797 2789 ante
817 2733 948 2810 puteum
967 2723 1008 2791 ad
1029 2743 1164 2792 censum
1194 2744 1251 2793 scr
1278 2722 1433 2794 librarum

314 2830 538 2924 parisiensium
563 2830 740 2915 annuatim,
767 2829 856 2923 petiit
875 2854 893 2901 a
913 2830 1007 2903 nobis
1026 2834 1191 2904 humiliter
1209 2848 1240 2905 et
1267 2836 1383 2905 devote
1403 2846 1440 2905 ut

315 2938 431 3009 iutuitu
450 2960 662 3030 expensarum
687 2952 720 3008 et
739 2952 925 3030 sumptuum
947 2962 1029 3030 quos
1049 2955 1199 3030 posuerat
1213 2956 1246 3012 ct
1260 2944 1377 3013 iecerat
1404 2942 1438 3013 in

315 3048 537 3140 reputacione,
559 3029 744 3118 reteuciouc
775 3060 807 3117 ct
838 3046 1081 3118 reoditicaciune
1109 3050 1195 3118 dicte
1228 3053 1356 3135 donnus,
1378 3048 1441 3121 sibi

315 3164 469 3231 uettemus
489 3162 670 3231 concedere
690 3183 787 3250 super
806 3163 918 3231 cadem
940 3164 1036 3230 domo
1056 3160 1123 3232 iteri
1143 3183 1238 3232 sunm
1253 3164 1442 3235 anniversa·

315 3277 398 3346 rium
424 3272 455 3343 in
485 3286 592 3344 nostra
628 3272 765 3343 ecclesia
793 3260 969 3343 annuatim.
993 3277 1056 3344 Nus
1091 3295 1178 3357 tero,
1198 3272 1443 3349 considerantes

315 3400 479 3479 sumptus,
500 3384 653 3456 utilitates
672 3407 754 3476 qnos
774 3398 806 3456 et
826 3409 906 3476 quas
933 3388 1051 3458 iecerat
1069 3400 1101 3457 et
1121 3399 1272 3479 posuerat
1302 3389 1335 3458 iu
1356 3387 1442 3460 diota

315 3504 412 3572 domo
433 3512 465 3571 et
485 3501 580 3570 etiam
600 3497 801 3570 attentionem
819 3523 914 3591 sputum
934 3502 973 3572 ad
988 3523 1157 3592 personam
1179 3499 1282 3593 ipsius
1302 3502 1443 3575 trabeba-

316 3640 388 3688 mus
409 3628 439 3686 et
463 3617 630 3693 inuitemus,
652 3613 757 3685 eidem
778 3613 1004 3685 urctridiacono
1030 3614 1254 3687 concessimus
1272 3618 1445 3691 courcordi·

319 3746 366 3801 ter
382 3732 465 3822 qnod
480 3727 630 3820 quicquid
651 3752 688 3799 et
702 3728 909 3821 proventibus
928 3732 1073 3821 ejusdem
1085 3731 1201 3802 domus
1220 3734 1301 3802 uttra
1315 3746 1441 3824 septem

319 3844 415 3914 lituras
448 3840 671 3934 parisiensium
703 3841 897 3933 percipietur
916 3865 934 3912 a
954 3842 1060 3927 nobis,
1089 3843 1297 3913 distribuatur
1319 3842 1351 3915 in
1369 3847 1443 3937 ejus

317 3955 536 4027 anruiuersurie
552 3969 625 4045 post
644 3954 746 4048 ipsius
759 3954 882 4026 ubitnru
903 3954 1079 4026 aunuatim.
1097 3962 1132 4027 tn
1147 3959 1240 4048 cujus
1256 3955 1301 4027 rei
1320 3980 1444 4029 memo·

318 4070 395 4140 riam
410 4083 442 4140 ct
462 4068 681 4139 testimenium
709 4085 876 4160 presentes
896 4071 1018 4140 litteras
1038 4070 1144 4159 sigilio
1171 4084 1283 4141 nostro
1302 4072 1439 4145 fecimus

319 4182 463 4272 sigiitari.
482 4186 596 4251 Datum
610 4204 694 4252 nuno
709 4183 835 4252 Domini
857 4180 1027 4254 mitissimo
1048 4182 1269 4255 ducentesimo
1282 4184 1440 4277 quinqua·

319 4295 444 4388 gesimo
463 4298 621 4379 secuudo‚
641 4294 814 4365 diemartis
832 4309 906 4366 ante
922 4298 1054 4367 t’asotra.
