3420 5490
764 710 943 775 -168-

289 860 385 931 quem
402 840 553 909 sacerdos
592 837 678 908 illius
697 837 836 908 ecclesie
868 839 964 907 debet
992 837 1148 928 episcopo
1173 850 1206 907 et
1238 840 1279 906 ab
1311 836 1416 909 obolis

290 951 393 1043 quiin
412 954 604 1022 Pentecoste
618 950 773 1043 episcopo
787 964 819 1022 et
835 948 994 1042 capicerio
1017 973 1034 1021 a
1052 947 1271 1042 parrochianis
1290 952 1415 1043 persol-

290 1082 407 1138 vuntur
440 1070 566 1138 uolente
601 1082 633 1138 et
668 1069 869 1138 concedente
899 1065 1061 1158 capicerio
1090 1079 1122 1137 et
1150 1067 1305 1158 capitulo,
1343 1088 1415 1137 earn

290 1183 454 1254 inmunem
485 1206 559 1254 esse
591 1182 775 1267 statuimus,
800 1181 854 1273 spui
886 1197 994 1253 tamen
1024 1183 1150 1253 decano
1180 1193 1212 1251 ct
1254 1180 1415 1273 capicerio

289 1296 440 1387 qtramdiu
472 1296 616 1382 vixerint,
650 1298 697 1366 rel
718 1295 788 1365 aliis
811 1293 865 1385 spari
895 1297 1047 1385 prefatam
1079 1296 1253 1365 ecclesiam
1282 1292 1414 1368 nominc

289 1408 418 1501 capituli
450 1411 618 1494 tenebunt,
650 1407 866 1479 communiter
885 1420 949 1477 tam
974 1410 1014 1478 ab
1046 1406 1231 1500 hospitibus
1268 1404 1414 1500 episcopi

289 1546 384 1616 quam
401 1527 440 1593 ab
470 1523 541 1594 aliis
562 1526 792 1615 persolventur.
829 1527 977 1593 llecanus
1001 1536 1033 1592 et
1071 1519 1251 1614 capicerius
1268 1525 1315 1593 rel
1335 1524 1415 1595 alter

290 1660 402 1710 eornm
418 1637 576 1708 sacerdoti
594 1651 753 1728 pretaxate
763 1636 901 1709 ecclesie
914 1636 1031 1707 crisma
1047 1639 1182 1720 dabunt,
1196 1639 1245 1707 vel
1264 1634 1414 1708 canonici

290 1751 375 1842 quia
396 1752 536 1842 capitulo
550 1753 722 1821 ecclesiam
753 1752 921 1820 tenebunt.
943 1750 1101 1820 Sacerdos
1120 1747 1204 1820 illius
1223 1748 1415 1820 ecclcsiead

291 1863 425 1935 sinodos
444 1863 587 1955 episcopi
606 1863 712 1934 veniet
733 1863 821 1932 utibi
837 1867 967 1934 decreta
984 1876 1015 1933 et
1035 1864 1182 1933 mandata
1201 1862 1416 1955 abepiscopo

293 1980 491 2068 promulgata
506 1978 627 2047 audiat.
651 1978 743 2062 Quod
765 1976 791 2046 si
816 1999 890 2047 eum
925 1998 989 2045 non
1009 1974 1116 2045 venire
1134 1974 1318 2065 contigerit,
1347 1991 1417 2047 tan·

293 2087 415 2158 tumilli
435 2089 489 2177 rprri
505 2087 676 2158 ecclesiam
698 2087 871 2179 ecapitulo
891 2087 1020 2158 babebit
1040 2109 1137 2181 super
1154 2089 1215 2158 boc
1228 2086 1415 2158 satislaciet.

292 2198 465 2269 Sciendum
488 2222 562 2268 uero
581 2200 666 2288 qarod
688 2199 862 2291 capitulum
879 2200 1077 2290 sepedictam
1097 2200 1268 2270 ecclesiam
1291 2201 1417 2290 lbrgoni

293 2314 409 2381 Sancte
427 2314 541 2381 Crucis
562 2314 685 2382 decano
697 2328 730 2382 et
746 2317 887 2383 banasse
903 2312 990 2382 butri
1009 2316 1093 2403 ejus,
1112 2311 1250 2383 ecclesie
1270 2314 1417 2403 ejusdcm

294 2422 466 2514 capicerio,
482 2425 535 2514 qui
551 2430 702 2515 prefatam
719 2440 834 2495 terram
847 2427 887 2494 de
898 2425 1045 2495 Gcrvasia
1061 2427 1122 2496 sub
1140 2448 1246 2496 auuua
1260 2427 1418 2516 pensione

292 2559 311 2606 a
330 2539 473 2626 capitulo
498 2539 661 2621 tenebant,
685 2537 764 2628 ipsis
783 2537 934 2628 quamdin
957 2537 1089 2609 riserint
1117 2541 1165 2608 vel
1192 2540 1283 2609 alteri
1303 2560 1416 2608 eorum

295 2648 321 2717 si
335 2651 415 2717 alter
433 2647 667 2718 decesseritne!
682 2649 857 2719 canonicus
887 2664 997 2719 noster
1015 2671 1088 2720 esse
1105 2648 1248 2734 desierit,
1280 2651 1312 2718 in
1345 2672 1418 2740 prc-

294 2761 378 2832 dicta
400 2761 545 2832 libertate
565 2774 597 2831 et
617 2760 817 2833 immunitate
840 2764 1019 2833 babendam
1047 2762 1222 2845 concessit,
1251 2761 1304 2832 tali
1338 2786 1417 2834 con·

295 2872 416 2945 ditione
431 2887 476 2958 ut,
492 2889 563 2967 post
581 2874 704 2945 obitum
718 2874 855 2946 Sellonis
868 2875 1058 2960 sacerdotis,
1072 2875 1122 2946 cui
1136 2874 1300 2947 communi
1316 2876 1418 2951 totins

295 2987 424 3081 capituli
463 3013 625 3061 coissensu
660 2989 798 3061 ecclesia
836 2994 895 3062 ista
927 2990 1089 3082 assignata
1123 3005 1186 3074 est,
1219 2994 1267 3062 sel
1294 2989 1418 3065 sicam

294 3127 425 3196 ‹prroquo
446 3107 541 3175 modo
575 3102 748 3187 dimiserit,
782 3110 832 3176 XX
864 3104 985 3176 solidos
1014 3106 1251 3177 Aurelianensis
1288 3120 1419 3179 monete

294 3217 457 3286 aunuatim
469 3219 609 3307 capitulo
630 3221 823 3306 persolvant,
838 3234 869 3288 et
885 3241 1118 3309 quemcumque
1135 3218 1293 3289 volueriut
1311 3242 1421 3291 sacer·

295 3330 403 3398 dotem
421 3328 452 3397 in
466 3328 603 3398 ecelesia
624 3330 675 3398 illa
690 3329 872 3413 instituant,
892 3333 941 3401 vel
952 3331 1152 3421 capellanum
1165 3347 1284 3422 ponant
1302 3330 1421 3423 (parisis

296 3442 336 3511 de
350 3440 500 3511 omuibus
515 3454 577 3511 tam
599 3440 820 3533 spiritualibus
836 3466 933 3533 quam
962 3443 1190 3535 temporalibus
1215 3447 1424 3536 respondeat,

296 3568 328 3625 et
360 3578 499 3626 annuam
516 3555 704 3647 pensionem
725 3574 1020 3649 quantamcumque
1050 3557 1276 3629 constituerint
1295 3558 1422 3631 eisdem

299 3671 468 3759 persoluat.
491 3672 565 3739 l'ost
586 3671 752 3759 utriusque
766 3694 840 3741 sero
855 3675 1026 3742 decessum
1041 3674 1263 3762 prenominata
1282 3674 1423 3745 ecclesia

299 3784 331 3849 in
353 3785 472 3871 prelata
489 3782 644 3851 libertatis
664 3797 697 3852 et
717 3783 927 3853 immunitatis
966 3784 1164 3874 plenitudiue
1190 3787 1228 3853 ad
1249 3786 1422 3857 ecclesiam

298 3898 414 3963 Sancte
430 3893 541 3963 tbrreis
556 3909 743 3975 revertetur,
763 3898 847 3984 quod
867 3896 976 3965 licebit
989 3896 1128 3987 capitulo
1148 3897 1345 3967 deecclesia
1367 3896 1422 3969 illa

297 4011 358 4077 sub
372 4010 484 4077 eudem
507 4008 661 4097 pensione
681 4032 774 4098 quam
795 4011 904 4100 pinetae
922 4014 1010 4099 llugo
1030 4025 1061 4080 et
1082 4016 1248 4081 blauasses
1264 4033 1421 4101 percepe-

297 4118 372 4202 rint,
391 4124 439 4189 vel
457 4126 518 4189 sub
535 4120 657 4209 majori,
671 4124 710 4188 ad
730 4124 965 4211 beneplacitum
985 4137 1017 4192 ct
1035 4126 1229 4192 voluntatem
1243 4145 1334 4192 suam
1352 4122 1421 4195 dis·

299 4256 431 4323 ponere.
451 4237 515 4303 Nos
535 4248 642 4302 autem
655 4234 861 4303 donatiouem
878 4258 894 4303 a
912 4232 1052 4325 capitulo
1071 4238 1111 4306 dc
1122 4235 1304 4325 supradicta
1317 4238 1423 4309 eccle-

298 4346 346 4416 sia
385 4348 508 4436 llugoui
535 4348 710 4417 decmuoet
748 4351 890 4417 barrasse
917 4346 1079 4440 capicerio
1119 4351 1232 4419 laetam
1258 4352 1420 4438 voluimus,

298 4466 527 4552 approbamus,
567 4475 598 4529 et
637 4462 858 4532 roricediruus.
881 4467 973 4547 Quod
1008 4486 1048 4532 uc
1077 4465 1178 4533 soleat
1207 4462 1424 4537 dissensionis

298 4577 451 4644 scarulalu
473 4574 661 4664 perturbari,
682 4578 730 4644 sel
750 4575 919 4646 oblivionis
945 4576 988 4645 im
998 4578 1150 4645 orumodo
1176 4575 1290 4660 deleri,
1323 4577 1423 4669 sigilli

300 4686 400 4756 nostri
422 4685 600 4756 rrrrtrtimiuc
616 4689 818 4773 roboramus,
842 4710 956 4757 orrsncs
970 4687 1042 4757 illos
1062 4688 1275 4759 arratbematis
1294 4688 1424 4763 vinculo
