3420 5490
763 678 941 742 -lsl—

288 804 414 877 clericis
434 805 551 898 pariter
570 806 823 896 respondebunt.
847 803 1020 875 Sciendum
1036 825 1164 895 quoque
1183 805 1269 895 qnod
1291 802 1412 874 miuura

289 919 412 991 decima
425 921 466 991 de
485 918 555 989 uilla
571 917 736 989 ilauslrorri
758 931 866 988 nostra
888 930 1010 988 lanium
1029 931 1090 1001 ess,
1123 915 1164 986 ila
1193 920 1278 1008 quod
1315 918 1348 987 in
1376 940 1415 988 ea

289 1033 394 1105 clerici
411 1032 507 1103 uiolril
530 1034 707 1102 lralrelrunr.
727 1033 820 1116 Quod
840 1030 867 1100 si
889 1024 1065 1101 dixerimus
1083 1028 1231 1100 lromines
1251 1054 1316 1101 non
1337 1034 1415 1101 lide·

290 1145 362 1216 liler
395 1145 548 1215 minutam
569 1144 726 1214 decimam
757 1146 896 1226 solvere,
925 1145 957 1211 iu
984 1157 1095 1212 nosuo
1114 1142 1175 1213 eris
1204 1142 1335 1213 arbitrio
1365 1146 1413 1213 uel

289 1255 543 1328 ecclesiasticam
560 1257 724 1347 justiciam
744 1256 905 1346 requirere
927 1257 974 1325 rel
1014 1258 1137 1325 decano
1162 1259 1280 1326 Sanole
1304 1254 1416 1325 Crucis

290 1368 491 1456 denuntiare,
514 1368 567 1461 qui
589 1371 636 1439 rel
651 1369 805 1439 minutam
823 1368 980 1438 decimam
1004 1371 1098 1459 plene
1118 1366 1208 1439 reddi
1235 1367 1341 1449 lanies,
1367 1370 1415 1438 rel

292 1497 494 1554 sacramento
507 1481 623 1553 firmari
645 1483 729 1573 quod
749 1480 884 1553 lideliler
900 1481 1023 1552 reddita
1042 1480 1095 1552 sil.
1119 1483 1152 1552 Si
1171 1484 1254 1553 loric
1273 1480 1417 1552 interris

291 1594 564 1686 supranominatis
577 1595 696 1686 aliquid
712 1598 821 1666 renale
842 1609 1036 1685 proponetur
1055 1593 1272 1665 communiter
1296 1617 1313 1665 a
1339 1595 1417 1663 dua·

293 1712 353 1778 lrus
368 1706 516 1777 ecclesiis
532 1722 667 1777 emetur.
690 1706 824 1791 Quodsi
845 1706 905 1776 alia
922 1730 994 1797 pars
1023 1722 1193 1796 postquam
1218 1706 1416 1777 sumrnonila

292 1818 386 1888 luerit
405 1819 619 1908 ademptione
639 1818 792 1901 cessabis,
816 1841 889 1906 pars
915 1817 974 1886 alia
995 1816 1054 1887 silri
1081 1831 1166 1887 errrel
1190 1831 1221 1888 el
1254 1816 1417 1909 proprium

293 1931 434 2001 lrabelril.
451 1932 639 2001 dddendnm
658 1952 787 2019 quoque
814 1931 899 2019 qrrorl
926 1928 952 1999 si
981 1929 1162 2020 calumpnia
1191 1929 1295 2019 aliqua
1318 1952 1417 2020 super

293 2043 446 2135 predictis
466 2041 560 2112 terris
575 2043 717 2112 allerurri
731 2040 869 2111 ecclesie
889 2055 974 2111 mola
994 2039 1100 2124 luerit,
1116 2044 1332 2112 communiter
1352 2056 1417 2113 lam

291 2179 462 2248 nosquam
483 2155 590 2227 clerici
611 2158 719 2226 lalrore
736 2170 767 2226 er
788 2170 918 2246 sumptu
949 2155 1115 2246 utriusque
1130 2155 1269 2228 ecclesie
1284 2179 1417 2227 causam

294 2293 535 2367 prosequemur.
559 2272 651 2356 Quod
671 2284 703 2339 nr
728 2283 830 2341 ratum
851 2282 884 2341 el
915 2268 1146 2341 inconcussum
1184 2269 1216 2340 in
1253 2285 1418 2364 posterum

294 2400 488 2479 permaneat,
520 2385 679 2479 predictas
709 2385 968 2477 corrueuliolulos
1002 2383 1109 2475 sigillo
1139 2399 1251 2457 nostro
1282 2388 1420 2458 lecimus

293 2501 486 2574 eunlirmari.
510 2506 621 2570 delum
639 2498 765 2591 publice
776 2498 935 2581 lluruolis,
956 2522 1041 2569 anno
1055 2504 1095 2570 alr
1112 2500 1333 2574 irrcaruasiurre
1355 2507 1417 2573 llo·

294 2614 371 2686 mirri
388 2618 543 2697 dccxxi,
565 2613 595 2683 in
618 2611 776 2703 presonlia
794 2611 928 2703 predari
946 2611 1179 2705 archiepiscopi
1204 2614 1416 2698 senonensis,

293 2727 473 2799 assaurilaus
496 2728 668 2818 majoribus
699 2724 905 2795 llarrrorensis
929 2729 1066 2797 ecclesie
1087 2727 1235 2818 personis
1259 2730 1418 2798 Gaulredo

295 2844 432 2926 decano,
469 2839 650 2909 dimanrico
687 2853 831 2922 cantore,
860 2837 1037 2908 Gislelrerro
1061 2842 1260 2924 subdecano,
1280 2839 1418 2911 Gallerio

294 2953 520 3025 archidiacono
535 2949 689 3023 lluueusi.
712 2956 753 3022 llr
776 2965 863 3042 parre
896 2952 1133 3024 Aurelianensis
1158 2956 1297 3025 ecclesie
1320 2978 1327 3024 :
1351 2960 1419 3025 sre-

297 3069 401 3158 plrauo
421 3070 535 3136 alrlrale
551 3065 657 3135 Sancti
678 3064 814 3148 livurcii,
831 3069 962 3156 llugoue
986 3068 1122 3150 clerano,
1146 3068 1315 3139 Guillelmo
1343 3092 1419 3139 cau·

294 3192 375 3260 lore,
398 3178 527 3246 letoldo
540 3178 737 3245 subdecano.
752 3179 794 3245 Er
815 3190 902 3267 parre
916 3177 1099 3248 monasterii
1117 3180 1387 3271 lloueralllerrsisl
1407 3204 1416 3250 ε

295 3292 367 3379 ipso
400 3291 514 3358 abbate
545 3291 710 3372 llerllerln,
744 3292 840 3357 ddaur
869 3287 974 3378 priore
1006 3291 1045 3359 de
1079 3294 1221 3374 l'allralm
1261 3292 1419 3363 llriuardo

296 3400 401 3491 priore
418 3403 457 3471 de
471 3398 687 3483 Colomerilla,
711 3402 848 3469 llolrerro
862 3399 1026 3490 preposito
1046 3401 1245 3473 monasterii.
