3420 5490
770 721 950 786 ..364-

296 872 365 921 vem
387 847 536 940 siliginis,
565 872 647 939 quos
676 847 737 940 ipsi
759 849 800 920 de
817 849 943 920 Oliveto
970 851 1130 920 habebant
1164 849 1366 921 reddituales
1391 852 1424 921 iu

297 962 436 1053 minagiu
464 960 663 1053 Balgenciaci
698 986 755 1053 pru
796 960 923 1053 triginta
956 962 1045 1032 lihris
1084 961 1327 1054 parisiensium,
1364 986 1424 1034 nos

296 1077 414 1147 dictum
443 1076 660 1147 venditionem
689 1089 789 1148 ratam
818 1091 850 1148 et
870 1080 991 1147 firmam
1023 1075 1207 1158 habuimus,
1230 1075 1420 1168 promitten-

296 1204 345 1260 tes
363 1193 447 1280 qued
463 1203 575 1260 contra
596 1212 821 1279 ennumquam
837 1191 987 1260 deceteru
1007 1187 1186 1260 veniemus.
1209 1192 1242 1259 ln
1263 1191 1357 1281 cujus
1369 1190 1415 1261 rei

296 1302 516 1375 testimenium
551 1305 590 1372 ad
623 1302 818 1394 peticionem
857 1301 1018 1372 dictorum
1044 1300 1169 1372 abbatis
1189 1315 1222 1373 et
1241 1289 1421 1375 cenventus

296 1416 390 1488 dictis
417 1419 539 1488 decano
565 1430 597 1488 et
619 1418 762 1508 capitulo
796 1427 965 1508 presentes
986 1418 1111 1487 litteras
1135 1415 1298 1498 dedimus,
1320 1414 1418 1508 sigilli

295 1531 395 1604 nostri
421 1531 597 1604 munimine
626 1535 804 1603 roboratas.
826 1536 942 1602 Datum
968 1554 1054 1602 anun
1083 1529 1211 1630 [lumini
1231 1535 1412 1616 ucctxlll,

297 1644 517 1736 meusejuliu.

775 2008 929 2070 CCLXVll

710 2303 904 2383 Septembre
928 2302 1006 2366 12ss

393 2559 482 2614 Vente
500 2574 535 2613 au
550 2559 675 2630 chapilre
690 2556 790 2630 peuri
805 2558 888 2614 liures
903 2558 1002 2630 parisis
1016 2559 1079 2616 del
1093 2560 1185 2616 mines
1200 2560 1321 2618 deterre

772 2655 788 2708 d
804 2655 906 2709 Hunau
918 2654 937 2710 ¹.

523 2800 615 2869 (Orig.
633 2816 656 2855 s.
673 2798 768 2870 purch.
786 2799 871 2855 Arch.
889 2798 927 2854 du
943 2799 1047 2869 Leiret,
1063 2801 1096 2855 G.
1112 2800 1189 2867 329.)

335 3037 494 3112 Omnibus
510 3053 677 3131 presentes
698 3037 820 3110 litteras
836 3037 1031 3130 inspecturis
1042 3038 1191 3111 ellicialis
1210 3041 1417 3117 Aurelianen-

290 3154 337 3227 sis
356 3155 492 3225 salutem
513 3150 544 3222 in
561 3152 712 3225 llumiuu.
733 3152 884 3224 Noverint
902 3152 1041 3224 universi
1061 3156 1147 3244 quod
1168 3153 1336 3227 constituti
1360 3180 1416 3230 cu-

290 3292 356 3340 ram
374 3267 467 3339 nohis
486 3270 772 3358 lohannes,gener
791 3267 932 3337 defuncti
953 3265 1119 3358 llaginaldi
1136 3269 1284 3353 Burdier,
1307 3283 1340 3342 et
1356 3275 1415 3345 Se·

291 3385 363 3457 billa
379 3389 450 3476 ejus
470 3408 559 3468 uror,
590 3389 772 3475 Stephanus
788 3383 982 3469 hermerius,
1003 3387 1160 3469 lolrauua,
1177 3388 1248 3477 ejus
1268 3409 1358 3471 uror,
1380 3401 1415 3460 et

291 3499 398 3583 llaria,
418 3501 528 3570 relicta
548 3497 709 3590 [laginaldi
731 3497 887 3580 llertheri,
911 3521 1004 3571 snrer
1025 3497 1100 3571 dicti
1116 3497 1284 3592 Stephani,
1301 3502 1416 3573 vendi·

289 3614 406 3684 derunt
433 3612 561 3703 penitus
579 3627 611 3683 et
632 3612 664 3682 in
686 3625 875 3703 perpetuum
897 3610 1102 3701 quitaverunt
1120 3625 1257 3702 quatuor
1276 3614 1414 3686 minatus

289 3723 485 3795 seminature
502 3738 584 3794 terre
599 3725 638 3794 ad
660 3746 844 3794 mensuram
859 3725 1122 3795 dureliancuscm
1134 3746 1231 3814 quam
1243 3747 1279 3796 se
1293 3728 1415 3799 habere

289 3835 533 3928 dicebantupuul
554 3837 701 3908 lirrelinm
722 3836 753 3906 in
770 3835 900 3907 censiva
913 3841 1031 3908 Sancte
1050 3835 1162 3909 Crucis
1175 3837 1415 3912 Aurelianensis

288 3949 381 4034 sitas,
403 3974 460 4041 pre
472 3964 608 4041 qvvatuur
625 3950 715 4021 lilvris
732 3951 972 4043 parisiensium,
994 3953 1034 4022 de
1053 3950 1169 4042 quibus
1184 3974 1221 4023 se
1242 3963 1415 4026 tenuerunt

289 4089 396 4137 coram
413 4064 506 4136 nobis
527 4064 650 4157 integre
668 4067 874 4159 propagatis,
898 4064 975 4137 viris
988 4064 1226 4139 venerabilibus
1238 4069 1361 4142 decarm
1380 4081 1414 4142 et

290 4179 428 4270 capitulo
458 4179 740 4250 Aurelianensihus
768 4191 829 4262 ;et
850 4178 1066 4269 promiserunt
1093 4179 1170 4252 dicti
1189 4183 1355 4252 lohannes
1377 4195 1410 4253 et

290 4294 407 4361 Selrilla
422 4295 493 4381 ejus
513 4306 636 4362 ureret
652 4291 727 4362 dicti
746 4294 929 4382 Stephanus
946 4311 979 4361 et
998 4293 1141 4362 lohanna
1161 4290 1266 4382 ipsius
1285 4316 1362 4364 rrrur
1379 4308 1415 4365 et

289 4408 373 4477 dicta
400 4406 491 4478 diaria
519 4431 575 4498 per
595 4409 688 4477 tucn
711 4406 741 4476 in
772 4428 868 4477 manu
896 4420 1007 4477 nostra
1042 4411 1208 4498 prestitam
1235 4430 1333 4500 super
1351 4409 1414 4481 hoc

325 4723 332 4757 ¹
354 4723 481 4779 Paroisse
496 4724 530 4779 de
544 4723 614 4795 Gidv
626 4724 752 4794 (leiret).
