3420 5490
765 694 803 707 -·
824 658 884 722 tlt
906 695 943 711 -·-

292 787 429 862 ecclesie
443 787 568 880 possint
582 786 748 879 acquirere
767 786 829 858 silui
845 799 877 856 et
895 784 1001 856 eidem
1021 804 1080 855 sue
1099 782 1240 854 ecclesie
1259 802 1361 873 usque
1374 782 1415 851 nt

291 925 450 975 summam
482 899 617 993 vinginti
637 901 821 972 libratarum
847 897 1074 991 parisiensium
1093 893 1192 967 annui
1212 908 1244 966 et
1270 890 1416 987 perpetui

292 1014 449 1101 redditus,
469 1018 545 1086 dum
566 1032 674 1088 tamen
696 1017 730 1086 iu
758 1015 806 1087 eis
827 1012 986 1105 iusticiam
1006 1025 1060 1084 aut
1079 1009 1261 1081 dominium
1278 1032 1343 1081 neu
1361 1030 1417 1081 ac·

291 1128 430 1219 quirent,
458 1131 602 1199 volentes
635 1130 721 1218 quod
746 1148 801 1197 eas
832 1138 962 1196 teneam
997 1123 1129 1215 pacitlce
1159 1135 1315 1214 perpetue
1343 1122 1417 1193 siue

291 1243 461 1311 coactione
476 1238 634 1310 vendendi
652 1242 698 1309 vel
712 1253 797 1309 extra
819 1259 947 1308 manum
978 1258 1070 1307 suam
1100 1232 1254 1327 ponendi,
1275 1236 1364 1305 salse
1382 1236 1416 1305 iu

290 1353 363 1425 aliis
393 1356 465 1445 jure
485 1369 595 1424 nostro
632 1367 664 1424 et
695 1351 726 1422 in
746 1350 897 1422 omnibus
919 1353 990 1441 jure
1010 1349 1154 1440 quolibet
1172 1348 1290 1420 alicua.
1321 1348 1417 1435 Quctl

292 1481 326 1537 ut
346 1470 470 1538 llrmum
491 1482 523 1540 et
542 1467 657 1539 stabile
677 1479 873 1559 perseveret,
895 1478 1061 1557 presentes
1076 1465 1200 1535 litteras
1210 1461 1317 1555 sigillo
1341 1484 1417 1535 uus·

293 1581 499 1652 traiecimus
524 1580 731 1651 communiri.
760 1587 873 1651 Actum
893 1602 979 1650 aurm
995 1576 1122 1649 Domini
1152 1576 1324 1648 millesimo
1350 1577 1415 1647 du·

292 1693 470 1766 centesimo
489 1694 688 1785 octogesimo
703 1706 806 1778 sexto,
825 1691 978 1777 mustus,
998 1714 1111 1762 meuse
1131 1689 1324 1762 decembris.

1076 1833 1105 1899 l.
1125 1854 1163 1900 tre
1183 1832 1281 1899 llucu.

792 2194 924 2255 ccctvt

740 2518 779 2582 et
791 2518 871 2581 aeut
888 2516 967 2583 1287

292 2768 352 2823 Bail
379 2770 524 2841 perpetuet
553 2786 625 2841 pour
639 2769 666 2825 le
694 2768 850 2838 clrapilrel
871 2770 1031 2825 Guillaume
1055 2768 1150 2826 chene
1170 2776 1261 2825 atses
1285 2771 1416 2827 lrlrltlsrs

327 2865 411 2920 d'une
424 2865 502 2936 piece
516 2865 552 2921 de
565 2872 638 2921 terre
652 2866 668 2920 l
683 2864 859 2926 Vlllermalu.
876 2881 947 2938 pour
959 2882 997 2921 nn
1012 2882 1079 2921 cens
1093 2865 1128 2921 de
1138 2864 1174 2921 tu
1187 2882 1255 2921 sous
1266 2866 1378 2939 parisis.
1390 2868 1412 2923 ll

327 2961 561 3033 ydevrsediller,
576 2960 647 3017 daus
662 2962 702 3017 les
717 2961 859 3031 treisma,
884 2978 940 3017 une
964 2962 1074 3017 maisou
1096 2962 1132 3017 dc
1156 2960 1182 3017 le
1198 2962 1295 3017 valeur
1312 2962 1348 3018 dc
1368 2961 1415 3019 clix

325 3056 409 3113 liures
423 3058 532 3131 parisis.

522 3179 609 3249 (orig.
630 3198 653 3233 s.
670 3180 765 3251 perch.
784 3179 867 3235 Arch.
883 3179 922 3234 du
936 3180 1045 3247 liniret.
1061 3180 1095 3235 G.
1108 3179 1186 3251 37³.)

335 3392 496 3465 Universis
516 3408 683 3486 presentes
697 3394 818 3467 litteras
832 3394 1026 3487 inspecturis
1040 3393 1185 3467 oltlcialis
1198 3394 1288 3467 curie
1315 3402 1416 3469 lure·

291 3508 444 3580 lianensis
464 3512 600 3580 salutem
619 3513 653 3579 iu
675 3514 824 3581 llcmrno.
852 3510 1010 3581 licueritis
1032 3512 1119 3601 qual
1149 3508 1180 3580 in
1208 3523 1318 3583 uestra
1338 3532 1415 3603 ure·

289 3622 391 3696 sentia
412 3623 607 3695 constitutus
627 3627 821 3695 Guillermus
845 3624 950 3695 «lictus
981 3629 1088 3697 lllrens
1116 3628 1287 3697 cenlessus
1312 3638 1363 3697 est
1382 3624 1414 3697 iu

288 3742 359 3831 jure
378 3762 484 3810 coram
506 3738 599 3810 uoltis
618 3761 654 3810 se
673 3739 840 3830 accepisse
859 3763 876 3810 a
896 3739 1130 3811 venerabilibus
1151 3738 1225 3811 uiris
1244 3742 1414 3813 tlecaueet

291 3851 430 3944 capitulo
455 3850 692 3923 Aurelianensis
711 3853 849 3924 ecclesie
879 3855 1050 3943 quemdum
1083 3852 1205 3945 peciam
1236 3868 1320 3925 terre
1343 3876 1414 3925 ara·

290 3966 366 4037 uitis
386 3990 481 4057 quarn
499 3967 560 4058 ipsi
581 3970 751 4047 lralrclraut,
774 3981 807 4037 ut
826 3967 955 4052 dicitur,
979 3968 1071 4039 sitam
1097 3971 1182 4059 apud
1213 3968 1413 4053 villermum,

289 4083 376 4171 justa
396 4079 596 4172 cymiterium
617 4084 657 4152 cle
677 4081 874 4167 Villermaiu,
892 4105 929 4153 er
961 4097 1048 4175 parte
1078 4104 1153 4167 uua,
1173 4095 1205 4153 et
1227 4084 1315 4173 juna
1335 4086 1416 4155 clre-

291 4193 411 4264 miuum
433 4198 473 4265 te
493 4197 659 4285 llagrluuu,
682 4199 849 4279 exaltem,
872 4198 1055 4277 tenendam,
1089 4196 1282 4273 lralreutlam,
1310 4194 1414 4289 pessi·

289 4311 425 4381 deudam
446 4323 478 4381 ct
496 4313 770 4400 esplectamlama
791 4311 877 4381 clictu
897 4309 1066 4381 lluillclmo
1089 4325 1122 4382 et
1146 4312 1216 4402 ejus
1242 4308 1417 4383 liereulilms

289 4437 321 4496 et
355 4425 600 4494 successoribus
629 4438 661 4494 et
683 4428 722 4493 ml
744 4425 928 4495 laciendum
956 4428 1079 4495 lructus
1107 4447 1185 4496 suos
1214 4423 1347 4516 pacilice
1382 4438 1416 4496 ct

289 4538 398 4627 quiete
412 4537 444 4605 in
466 4551 666 4626 perpetuum,
688 4541 773 4607 salua
790 4538 875 4607 ‹licte
890 4552 973 4607 terre
985 4539 1124 4621 decima,
1141 4536 1273 4625 justicia
1289 4552 1321 4608 et
1333 4538 1414 4627 juri·

290 4650 351 4717 ltus
372 4646 518 4739 predicte
535 4648 688 4741 capitulo,
710 4652 771 4718 suli
786 4670 894 4719 annuo
909 4670 1010 4719 ccusu
1023 4648 1155 4742 triginta
1173 4648 1415 4719 acumicorum
