3420 5490
776 1365 838 1429 Mai
853 1365 933 1431 titt}

288 1619 453 1691 Erenvption
469 1619 504 1677 de
518 1619 546 1675 le
557 1619 719 1688 juridiction
733 1621 903 1693 episcopale,
917 1622 983 1677 saut
995 1622 1134 1694 quelques
1148 1640 1195 1679 eas
1212 1624 1368 1694 restreints,
1383 1640 1419 1682 eu

324 1715 421 1770 laveur
444 1715 478 1771 ds
502 1717 686 1786 Terminiers,
703 1717 809 1788 Sougp,
830 1719 970 1789 ltourrap,
996 1718 1265 1791 Nonou-sur-Loirs,
1284 1721 1418 1790 Tralueu,

324 1812 695 1868 Saint-hlartiu·sur·Loiret
711 1813 838 1882 (Olivet),
851 1813 1040 1885 saint-Prpvd,
1051 1815 1188 1888 Gemipnp
1200 1819 1226 1871 et
1240 1815 1356 1872 Mardis.

528 1958 616 2030 (Orig.
632 1975 656 2013 s.
673 1958 771 2030 purch.
786 1959 875 2015 hrch.
888 1957 925 2013 du
940 1959 1045 2038 Ipiret,
1060 1959 1095 2016 G.
1111 1960 1187 2019 317.)

335 2173 513 2264 Philippus,
543 2173 600 2245 llei
634 2174 733 2264 gratia
773 2173 1013 2246 Aurelianensis
1048 2175 1235 2267 episcopus,
1267 2176 1418 2248 omnibus

289 2300 456 2377 presentes
478 2285 600 2357 litteras
634 2286 828 2378 inspecturis
852 2289 989 2359 salutem
1026 2287 1057 2356 in
1086 2288 1237 2359 Domino.
1267 2287 1418 2361 Noverint

289 2399 428 2471 universi
448 2402 532 2490 ‹prrod
552 2423 624 2470 cum
647 2424 705 2470 uos
736 2399 863 2470 dilectis
884 2402 958 2471 tiliis
973 2403 1096 2471 decano
1115 2415 1147 2473 ct
1164 2400 1304 2494 capitulo
1320 2406 1417 2475 dure·

293 2513 427 2586 liancusi
454 2513 667 2585 movissemus
690 2514 942 2586 controversiam
960 2539 1058 2607 sripter
1072 2515 1301 2607 jurisdictione
1315 2519 1418 2590 eccle·

289 2628 416 2700 siastiea
437 2642 591 2719 quantum
612 2631 651 2698 ud
672 2629 814 2720 utrinque
835 2629 1019 2720 parrochias
1039 2644 1071 2700 et
1098 2645 1239 2720 ¹‹puatuor
1263 2632 1415 2718 claustra,

294 2743 478 2834 parrochias
498 2741 643 2815 videlieet
672 2746 712 2814 de
730 2743 951 2826 'l'crmenerio,
971 2746 1011 2815 de
1031 2744 1179 2836 Sogiaeo,
1205 2745 1245 2817 de
1265 2743 1413 2829 llovreio,

292 2860 330 2926 de
349 2858 481 2928 Noenrio
507 2881 604 2949 super
635 2857 771 2947 Ligerim
793 2871 825 2927 et
856 2860 896 2927 de
926 2856 1076 2948 Trigauo,
1103 2861 1242 2929 claustra
1267 2881 1341 2931 vero
1372 2863 1412 2931 de

289 2974 406 3041 Sancto
451 2974 583 3042 llartino
619 2995 716 3062 super
753 2971 941 3063 ligeritum,
975 2974 1014 3042 de
1045 2976 1164 3042 Sancto
1193 2970 1330 3055 Privato,
1371 2975 1412 3046 tle

289 3083 486 3175 tlimigniaco
512 3099 543 3154 et
570 3088 610 3155 de
643 3088 789 3168 llarneio,
823 3088 951 3156 taudem
981 3084 1197 3156 mediantibus
1221 3084 1314 3156 bonis
1334 3085 1412 3158 viris

290 3201 361 3268 talis
388 3198 470 3269 inter
492 3221 551 3269 nos
573 3197 757 3269 intercessit
786 3197 977 3289 compositio
993 3197 1024 3267 in
1050 3213 1239 3290 perpetuum
1264 3199 1411 3283 vatitura,

291 3311 436 3381 videlicet
461 3313 543 3400 orrod
572 3334 632 3380 nos
653 3314 699 3380 vet
721 3309 895 3401 episcopus
919 3309 972 3400 qui
992 3333 1048 3400 pro
1068 3329 1213 3400 tempore
1234 3310 1328 3381 luerit
1348 3322 1411 3382 tam

291 3422 503 3512 predictarum
520 3422 758 3509 parrochiarum
774 3445 868 3510 quam
880 3424 1092 3491 claustrorum
1106 3421 1302 3512 presbiteros
1314 3444 1413 3513 super

290 3533 357 3603 suis
376 3533 504 3604 delictis
534 3533 695 3621 justitiare
706 3532 842 3623 poterit,
869 3536 925 3604 sed
951 3535 1122 3604 emendam
1147 3534 1364 3625 pecuniariam
1384 3534 1412 3607 si

290 3650 328 3716 ab
347 3645 395 3716 eis
414 3649 578 3727 levaverit,
597 3646 727 3735 capituli
752 3646 812 3716 erit
843 3659 875 3716 et
899 3669 970 3715 eam
996 3646 1136 3734 capitulo
1164 3648 1299 3717 reddere
1325 3659 1416 3719 tene·

291 3758 373 3827 bitur
393 3757 471 3828 intra
493 3781 650 3829 mensem.
675 3761 707 3826 ln
730 3756 882 3845 predictis
897 3771 1003 3829 autem
1029 3757 1189 3849 parochiis
1208 3772 1242 3830 et
1265 3758 1414 3831 claustris

291 3874 407 3942 nullam
420 3870 1041 3963 jurisdictionemepiscopuserercebit,
1057 3894 1114 3963 pro
1130 3894 1225 3943 causa
1236 3885 1344 3944 tamen
1355 3897 1413 3945 sua

291 3989 427 4080 propris,
449 3989 496 4058 vel
514 3986 720 4057 servientium
742 4011 873 4057 suorum
892 3984 1016 4077 quosin
1031 3985 1166 4057 diversis
1182 3985 1332 4059 domibus
1345 3987 1414 4060 suis

290 4101 429 4184 habebit,
446 4105 494 4173 rel
523 4125 580 4192 pro
600 4124 695 4171 causa
719 4099 905 4171 ballivorum
925 4122 1072 4184 surorum,
1092 4113 1125 4172 et
1147 4124 1211 4171 non
1242 4100 1333 4184 alias,
1353 4100 1415 4172 nisi

293 4218 369 4287 torte
389 4239 487 4286 causa
505 4218 543 4285 ad
563 4214 668 4304 ipsum
690 4216 793 4284 delata
815 4216 912 4284 lrrerit
931 4236 987 4303 per
1006 4213 1267 4303 appellationem,
1291 4213 1322 4283 in
1351 4237 1416 4304 quo

292 4345 366 4400 casu
385 4329 479 4400 etiam
496 4327 557 4400 erit
578 4327 708 4417 capituti
729 4329 863 4398 emenda
882 4325 1077 4417 pecuniaria.
1100 4326 1220 4398 Poterit
1242 4326 1417 4418 episcopus

294 4447 338 4515 vel
359 4441 503 4514 othcialis
523 4466 602 4514 surus
621 4443 767 4513 homines
788 4444 828 4512 de
847 4438 998 4532 predictis
1023 4439 1200 4533 parrochiis
1220 4439 1289 4514 sive
1313 4444 1418 4514 eleus-

294 4558 348 4630 tris
376 4582 483 4630 coram
516 4582 551 4629 se
570 4556 681 4643 citare,
704 4556 882 4628 hrrrelianis
907 4571 1013 4627 tamen
1046 4571 1079 4629 et
1105 4580 1169 4628 non
1192 4554 1280 4638 alibi,
1296 4571 1329 4628 et
1360 4579 1417 4628 sos

290 4673 457 4763 justitiare.
487 4673 519 4744 Si
545 4686 651 4744 tamen
673 4674 842 4744 emendam
864 4671 1083 4764 pecuniariam
1103 4669 1267 4755 levaverit,
1286 4669 1419 4762 capituli

1294 4811 1332 4867 20
