3420 5490
764 687 942 750 -tss-

289 814 374 903 quod
394 814 534 883 dilectus
549 811 790 884 concanonicus
803 826 914 884 noster
927 816 1066 885 dlertcus
1082 813 1204 900 borini,
1231 838 1287 906 pro
1307 837 1415 887 remc-

288 924 343 997 dio
357 923 464 996 anime
479 946 537 996 suo
556 938 589 997 et
604 948 749 1010 suorum,
770 927 900 997 domum
921 948 984 1017 quo
1016 925 1073 998 tun
1101 929 1225 999 dudree
1256 925 1415 1015 bidonis,

288 1039 453 1130 quondam
473 1035 652 1108 sacerdotis
688 1052 721 1107 ot
743 1036 955 1108 concanonici
981 1039 1101 1122 nostri,
1137 1049 1170 1108 et
1197 1035 1255 1108 tria
1281 1051 1415 1130 arpenta

289 1151 452 1222 uinearum
473 1172 537 1240 que
556 1165 632 1220 sunt
644 1150 729 1240 apud
759 1153 937 1221 0rdeacum
959 1164 1116 1235 montem,
1138 1150 1278 1222 ecclesie
1296 1156 1415 1222 Sancte

288 1262 399 1334 Crucis
419 1263 555 1334 contudit
585 1265 627 1332 ita
662 1262 749 1354 quod
783 1266 853 1332 0do
886 1262 1054 1348 diaconus,
1076 1265 1214 1334 odericus
1243 1265 1329 1355 ejus,
1351 1279 1418 1335 tatu

290 1376 423 1445 domurn
444 1374 619 1467 predictam
640 1398 735 1466 quam
763 1373 871 1446 tincas
907 1373 940 1444 in
974 1377 1035 1446 rita
1075 1398 1132 1446 sua
1171 1373 1349 1467 possideat,
1385 1389 1420 1448 ct

288 1489 403 1560 exinde
422 1488 560 1579 singulis
585 1488 679 1559 anuis
702 1487 845 1581 quinque
869 1487 991 1560 solidos
1026 1488 1267 1562 Aurelianensis
1287 1503 1420 1562 moneto

290 1600 431 1694 capitulo
452 1606 623 1694 persolvat,
657 1619 689 1674 et
720 1584 753 1673 in
782 1601 994 1695 presbiterum
1037 1603 1204 1674 ordinatus
1240 1605 1280 1675 ad
1318 1606 1422 1676 altare

293 1715 549 1806 prothomartiris
569 1716 723 1808 Stephani
754 1741 811 1809 pro
827 1716 970 1789 remedio
1006 1715 1112 1788 animo
1141 1716 1273 1808 predicti
1307 1716 1422 1791 Hercei

291 1828 396 1899 diuina
417 1832 570 1916 celebret,
592 1829 747 1901 itaetiam
769 1832 854 1923 quod
894 1846 966 1922 post
999 1828 1120 1900 obitum
1155 1830 1258 1923 ipsius
1295 1833 1423 1905 Odouis

291 1939 372 2011 adius
393 1943 585 2012 sacerdosa
613 1941 753 2034 capituto
792 1943 910 2013 ibidem
941 1941 1125 2013 successive
1164 1941 1196 2012 iu
1229 1955 1423 2035 perpetuum

291 2052 478 2124 instituatur
498 2053 807 2146 proanimapredati
841 2053 953 2125 blertei
983 2053 1089 2124 diuina
1122 2052 1241 2124 ibidem
1278 2057 1423 2127 cedebra-

292 2178 396 2252 turus,
418 2180 451 2239 et
471 2191 528 2260 pro
548 2170 726 2261 prescripta
746 2170 846 2239 domo
860 2183 893 2240 ot
912 2172 1015 2240 tribus
1041 2169 1185 2260 arpentis
1211 2166 1244 2238 in
1271 2171 1422 2260 recopui·

295 2277 416 2354 tionem
433 2282 496 2354 sibi
516 2287 624 2356 rodani
639 2282 786 2357 beneticii
806 2306 945 2356 annuant
966 2282 1107 2376 quinque
1130 2282 1307 2356 solidorum
1326 2283 1422 2377 capi-

296 2396 562 2470 tutoreuuttnrns
586 2397 790 2491 pensionem.
819 2403 882 2471 Nos
910 2415 1018 2470 autem
1045 2401 1085 2470 ad
1114 2420 1229 2490 preces
1263 2397 1420 2490 sepedicti

296 2512 407 2581 lderrei
420 2513 460 2582 de
480 2512 621 2604 predicta
642 2516 739 2584 domo
758 2528 791 2584 et
811 2511 913 2584 tineis
932 2514 1087 2604 probatum
1101 2514 1247 2583 Odouem
1260 2516 1322 2584 sub
1342 2535 1420 2606 pre·

293 2622 378 2693 dicte
393 2624 590 2697 conditionis
607 2624 788 2714 adjectione
804 2624 1035 2696 investivimus.
1056 2628 1091 2694 tn
1105 2647 1145 2695 ue
1165 2628 1225 2695 boc
1248 2625 1421 2698 obditiouis

293 2732 497 2805 iucomutodo
512 2740 560 2807 rod
573 2736 784 2807 dissentionis
794 2739 945 2807 scandalo
958 2737 1056 2807 deteri
1070 2740 1170 2808 valcat
1186 2738 1419 2829 tedperturbari

294 2846 408 2920 bitteris
427 2848 571 2921 annotari
591 2865 623 2922 et
652 2849 747 2942 sigilli
771 2849 871 2921 nostri
902 2849 1077 2922 utuuimitte
1109 2850 1245 2923 decimus
1259 2850 1416 2924 roborari.

294 2968 404 3034 dotum
447 2965 573 3056 publice
617 2965 648 3035 iu
694 2964 795 3057 uigilia
840 2968 959 3037 dasebo
1000 2988 1084 3036 nuno
1127 2965 1219 3040 Verbi
1262 2965 1418 3039 incarnati

293 3081 513 3163 dctxtttttttt
535 3079 690 3151 ordinatis
711 3080 742 3151 itt
769 3079 905 3151 cordesio
937 3094 1043 3150 nostra
1064 3079 1238 3172 majoribus
1269 3080 1418 3174 personis

293 3193 425 3280 lingone
442 3193 578 3278 decano,
603 3197 724 3264 tndrea
743 3207 887 3276 cantore,
909 3194 1040 3264 bctotdo
1059 3196 1257 3279 subdecano,
1274 3200 1419 3268 donasse

292 3325 466 3394 capicerio.

831 3646 889 3708 tlt't

690 3894 728 3953 l⁰‘
744 3889 924 3953 ttovatttbre
938 3886 1018 3950 ttbd

294 4122 432 4191 Ueroque
453 4122 600 4176 ubi-tems
623 4121 735 4175 dertare
758 4120 836 4174 auoit·
858 4135 893 4173 cn
919 4136 987 4189 gage
1012 4119 1038 4172 ba
1062 4116 1160 4172 mairie
1186 4116 1222 4171 do
1249 4117 1319 4185 boo,
1345 4130 1419 4188 pour

327 4217 530 4289 tutioresque
545 4218 690 4287 Itdpmuud,
708 4216 796 4270 maire
815 4214 930 4282 decedo,
944 4213 983 4269 lui
1010 4213 1113 4282 deruit,
1128 4219 1156 4268 sd
1168 4212 1286 4268 accorde
1299 4212 1419 4268 certain·

328 4330 443 4370 sucoors
457 4315 472 4369 d
486 4328 516 4368 sa
529 4329 616 4368 tcure
629 4320 657 4367 ct
671 4314 686 4365 d
701 4328 747 4366 ses
760 4310 880 4365 endants.

522 4458 616 4526 (Orig.
633 4475 656 4512 s.
674 4456 770 4528 ptarcb.
788 4456 873 4511 droit.
889 4453 927 4509 du
944 4453 1047 4522 loiret,
1059 4453 1093 4507 G.
1109 4452 1186 4521 385).

337 4674 403 4761 Ego
419 4669 586 4755 denricus,
608 4667 665 4739 bei
687 4665 787 4758 pratia
807 4663 1045 4735 Aurelianensis
1060 4663 1245 4756 episcopua,
1266 4661 1419 4734 omnibns
