3420 5490
763 715 801 726 -
827 680 881 743 llio
903 711 940 727 ..

289 811 432 889 donoro,
453 807 673 876 correcnonico
701 818 811 874 nostro
834 820 866 875 rt
892 818 1009 880 nestro.
1031 804 1187 894 quicqnld
1215 807 1355 873 habebat
1374 804 1406 872 in

288 917 413 988 decima
433 920 473 988 de
492 916 572 1000 lois,
587 915 710 988 scilicet
728 914 932 987 medietatem
946 914 1182 1008 ipsinodecime
1197 913 1406 999 vendidisset,

288 1032 423 1102 cnrrdcm
443 1029 601 1101 decimam
620 1034 659 1101 nd
674 1033 858 1100 rnnndntmn
876 1027 978 1120 ipsios
998 1029 1140 1119 magistri
1173 1027 1292 1099 lterteri
1314 1050 1413 1119 snper

200 1202 212 1218 .
288 1147 386 1214 altare
405 1144 543 1214 ecclesie
552 1157 673 1226 nostre,
690 1148 729 1215 de
745 1166 883 1215 assensn
905 1144 1012 1212 exorte
1026 1163 1084 1212 sne
1098 1156 1130 1213 et
1144 1140 1331 1223 liberorum,
1349 1145 1409 1211 tre·

289 1271 372 1326 trum
392 1279 520 1347 quoqne
539 1271 694 1327 eteorum
714 1278 850 1346 quornm
879 1255 1037 1325 interesse
1056 1255 1259 1336 credebatur,
1280 1254 1411 1336 obtolit,

289 1384 320 1438 et
342 1367 462 1438 dimisit
482 1367 572 1438 vobis
591 1369 721 1459 quidem
734 1382 766 1439 et
782 1367 921 1439 ecclesie
939 1382 1043 1437 vestre
1057 1369 1097 1437 ad
1127 1389 1210 1457 opus
1235 1388 1410 1458 properum

289 1481 342 1572 qni
360 1481 411 1552 die
441 1504 522 1552 cene
551 1481 712 1553 dominice
747 1483 920 1552 mendate¹
959 1479 1137 1551 intererunt
1168 1478 1254 1550 illam
1285 1482 1407 1569 prolate

290 1593 414 1666 decime
428 1609 551 1688 portem
565 1617 630 1686 rinc
644 1599 684 1666 de
704 1594 864 1666 territorio
883 1597 968 1686 qnod
983 1594 1015 1663 in
1036 1607 1208 1665 memorate
1229 1591 1301 1663 ville
1312 1594 1410 1665 nale·

291 1707 331 1777 tie
345 1707 521 1798 proveniet,
542 1721 643 1778 totnm
662 1730 734 1777 vcro
754 1706 926 1798 reliquum,
943 1706 974 1776 in
994 1709 1215 1798 cujrrscnnqne
1241 1720 1323 1777 terra
1356 1706 1410 1789 sit,

291 1819 383 1890 nobis
402 1832 441 1890 ed
461 1822 568 1891 simile
585 1819 712 1911 pietalis
726 1843 807 1911 opus
822 1825 993 1890 conterens
1005 1833 1038 1890 et
1062 1817 1245 1908 assignans,
1278 1817 1409 1888 domino

289 1938 441 2019 Ebmrdo,
465 1934 654 2004 vicecomite
669 1934 870 2018 Carnotensi,
891 1934 931 2004 de
951 1936 1043 2024 cnjus
1063 1932 1157 2002 lcodo
1183 1931 1252 2022 inse
1284 1929 1407 2001 decima

289 2064 357 2116 emt
389 2049 531 2130 leoduni,
559 2047 654 2118 notris
672 2063 705 2118 et
724 2048 814 2117 vobis
833 2046 865 2115 in
885 2049 1096 2117 elemosinam
1134 2047 1346 2130 concedente,
1379 2059 1412 2114 et

290 2171 353 2229 tem
368 2157 582 2230 venditionem
603 2183 698 2251 quam
716 2158 911 2230 oblationem
931 2160 1001 2249 ejus
1029 2156 1149 2249 scripto
1171 2178 1231 2228 sno
1249 2155 1412 2227 autentico

291 2274 513 2343 coeliomonte.

779 2633 928 2693 llxxvnl

747 2918 940 3017 [riori-ndo!

198 3276 205 3289 ‚
292 3214 459 3267 concession
475 3230 525 3283 par
540 3194 638 3267 llarlin
656 3212 757 3268 Billanl
773 3230 808 3267 nn
821 3213 959 3268 chanoine
981 3212 1124 3283 Foulqnes
1146 3212 1182 3267 do
1203 3214 1309 3284 l'nrsgn
1328 3215 1412 3270 d'nne

510 3307 559 3361 dee
575 3307 698 3360 misicone
712 3307 780 3376 qn'il
795 3307 948 3360 odonndcs
962 3309 978 3359 ri
995 3308 1195 3361 Salute-Croni.

553 3446 641 3519 (orig.
658 3467 680 3503 s.
699 3448 793 3520 parcit.
811 3450 896 3503 Arcti.
914 3449 1018 3518 Loirct,
1034 3450 1068 3503 ll.
1079 3448 1155 3520 968).

749 3693 958 3737 strnortltlt‘lttllt

341 3873 362 3940 ll
375 3871 478 3963 [ngot
492 3870 547 3940 llei
564 3869 663 3961 gratio
679 3876 794 3941 Sancte
805 3870 915 3942 Crucis
925 3873 1079 3954 decenne,
1093 3885 1259 3965 totumque
1270 3876 1416 3967 ejrredcnr

294 3983 432 4055 ecclesie
443 3984 615 4076 conitnlnm
632 3985 783 4057 omnilms
803 3986 834 4056 in
851 3985 988 4057 llominn
999 3990 1148 4059 salntem.
1164 3992 1201 4060 llt
1213 4012 1250 4061 cr
1265 4013 1327 4081 qne
1342 4014 1418 4062 nns-

295 4099 351 4169 tris
368 4100 566 4191 temporibus
591 4101 621 4170 in
647 4115 822 4192 corispcctn
849 4116 958 4172 nostro
977 4102 1197 4194 sollempniter
1215 4106 1419 4177 celebrentur

294 4227 480 4284 constanter
512 4229 662 4285 maneant
691 4214 822 4298 illibata,
847 4238 1024 4305 congruum
1062 4231 1111 4287 est
1130 4220 1243 4288 eedem
1281 4219 1418 4309 signetis

293 4324 438 4417 apicibus
446 4327 678 4397 commendari.
701 4329 745 4397 lc
760 4327 972 4399 universatem
987 4344 1122 4400 nestram
1135 4332 1295 4422 presentis
1306 4331 1417 4423 scripti

329 4659 337 4693 ¹
357 4662 393 4715 lle
409 4660 517 4717 Mandri.
