3420 5490
773 730 810 748 ..
835 702 874 763 or,
896 733 934 746 ..

290 824 712 916 praedictam,t1uumsupcr
734 828 861 895 Petrum
882 826 1035 914 majorem
1057 828 1271 915 ponebamus,
1293 833 1419 899 Sancto

290 937 404 1008 Crucis
418 937 584 1008 canonicis
602 936 743 1028 quietam
763 937 986 1020 clamavimus,
1007 940 1135 1027 etquotl
1158 942 1270 1009 l‘rtrus
1295 951 1327 1010 et
1348 944 1419 1031 ejus

290 1073 370 1120 rrxnr
386 1064 418 1121 et
431 1073 544 1121 omnes
562 1072 672 1120 corum
689 1052 825 1121 bererles
846 1048 928 1121 servi
943 1054 1069 1120 Sanctae
1090 1050 1200 1120 Crucis
1219 1064 1420 1123 esseutcon-

289 1161 453 1234 cessimus
473 1186 482 1245 ;
508 1165 568 1233 boc
595 1162 727 1253 insuper
741 1163 911 1245 addentes,
928 1164 1012 1252 qood
1034 1161 1061 1231 si
1095 1161 1267 1253 prodictus
1306 1160 1418 1236 Petrus

289 1276 360 1349 sinc
398 1279 518 1348 lterede
547 1278 689 1348 masculo
720 1288 912 1360 moreretur,
931 1274 1079 1348 canonici
1111 1276 1261 1369 prodictu
1289 1283 1416 1351 tratrem

289 1392 395 1484 insius
409 1390 578 1472 lobannis,
599 1392 653 1482 qui
675 1394 923 1482 cognominatur
943 1396 1104 1483 Paganns,
1134 1405 1166 1465 et
1192 1413 1306 1466 omnes
1334 1416 1417 1487 cruos

289 1510 422 1580 babebit
443 1511 579 1580 berodos
600 1510 748 1579 babeant.
772 1510 810 1578 Et
835 1511 977 1579 neultra
1008 1529 1106 1600 super
1125 1503 1307 1599 lrujusmotli
1329 1511 1413 1581 inter

289 1645 348 1695 nos
365 1635 398 1693 ot
412 1621 501 1712 iosos
516 1622 554 1693 lis
578 1625 645 1694 sire
664 1622 882 1694 controuersia
902 1620 1052 1706 oriretur,
1078 1625 1141 1693 boc
1172 1619 1204 1691 in
1226 1634 1416 1714 perpetuum

289 1735 337 1808 eis
353 1736 591 1820 concessimus,
613 1751 647 1808 nt
666 1736 697 1806 in
712 1750 779 1807 toto
804 1760 904 1828 regno
936 1749 1062 1820 nostro,
1082 1738 1150 1808 siva
1178 1735 1262 1808 serti
1291 1756 1416 1824 corum,

290 1852 358 1923 siue
379 1850 503 1923 ancillas
517 1850 637 1923 nostris
657 1851 759 1923 serris
778 1855 826 1923 rel
859 1851 984 1923 ancillis
1005 1852 1141 1922 maritali
1159 1853 1231 1942 jure
1250 1851 1414 1944 conjuncti

292 1967 426 2050 inerint,
447 1987 507 2036 nos
530 1988 603 2036 oum
624 1967 672 2036 eis
704 1978 738 2036 et
755 1964 816 2056 ipsi
844 1963 1026 2048 nobiscum,
1060 1968 1148 2036 nullo
1179 1969 1250 2037 loco
1284 1969 1415 2057 penitus

290 2091 438 2168 excepto,
457 2101 570 2150 omues
589 2077 642 2169 qui
662 2099 700 2149 ox
732 2077 780 2150 eis
811 2077 1030 2169 processerint
1057 2079 1193 2150 heredes
1221 2090 1411 2169 partrantur.

290 2193 383 2276 Quotl
417 2205 451 2262 ut
468 2190 651 2264 inuiolabile
679 2189 793 2261 tuturis
822 2195 1023 2283 temporibus
1043 2206 1180 2276 maneat,
1203 2191 1298 2284 sigilli
1313 2195 1414 2264 nostri

289 2303 506 2399 impressione
525 2305 723 2378 corroborari
756 2306 977 2398 precepimus.
1018 2306 1204 2379 nstantibns
1231 2305 1264 2378 in
1298 2306 1414 2400 palatio

290 2422 402 2493 unslro
423 2444 558 2513 quornm
584 2421 712 2493 nomina
733 2423 918 2493 subtitulata
939 2434 1016 2492 sunt
1038 2435 1070 2493 et
1089 2421 1193 2514 signa.
1216 2427 1249 2493 S.
1272 2420 1417 2494 bnsolmi

289 2538 436 2629 laprlerl.
468 2541 500 2607 S.
535 2536 676 2627 llngonis
705 2535 947 2618 constabularii,
970 2541 1003 2608 S.
1021 2536 1188 2608 Gisloberli
1218 2537 1413 2610 buticularii.

289 2654 321 2722 S.
358 2650 506 2720 widonis
538 2650 718 2721 camerarii.
752 2656 863 2721 llctum
889 2653 1016 2740 pubbce
1039 2650 1216 2722 Aurelianis
1242 2650 1273 2720 in
1296 2650 1412 2742 palatio

289 2778 415 2846 nostro,
439 2785 523 2832 anno
543 2762 698 2833 incarnati
727 2762 857 2833 rerbill
887 2767 1013 2845 cxvt,
1055 2764 1142 2855 regni
1172 2775 1279 2835 autom
1313 2763 1416 2836 nostri

289 2879 371 2961 l'lll,
395 2874 555 2947 balclaidis
570 2889 678 2947 autem
692 2875 811 2966 reginen
831 2879 869 2945 ll.

335 2995 521 3081 balamber
540 3010 673 3060 manum
694 2988 847 3081 Staplrani
867 2989 1068 3062 cancellarii.

800 3403 908 3465 xtavlt

718 3679 869 3753 tlrlsans,
892 3676 998 3757 [1089]

294 3927 417 4003 Pbilippe
432 3930 444 3986 l
458 3930 574 3986 accorde
587 3945 623 3985 au
635 3928 760 4001 clrapllro
772 3929 807 3983 de
822 3925 1015 3985 sainte-croix
1034 3927 1076 3983 les
1087 3927 1176 3984 droits
1192 3928 1228 3985 dn
1243 3929 1340 3999 rolris,
1356 3932 1412 3986 tole

327 4032 354 4083 ot
367 4027 540 4099 instlcaqu’il
555 4025 694 4099 possiduit
703 4042 753 4080 sur
762 4025 911 4096 lesquatro
923 4024 1079 4094 arpentsde
1088 4025 1168 4095 vigne
1178 4025 1413 4084 daSsint-llurtln

326 4124 451 4192 (Olivet).

661 4242 758 4312 (Copia
772 4242 807 4295 rlo
823 4242 934 4307 llaluae,
950 4258 977 4311 p.
993 4243 1055 4310 5tt)
1180 4272 1184 4280 ·

339 4460 374 4527 ln
397 4458 526 4528 nomine
545 4455 684 4527 Domini.
711 4454 888 4546 l’bilipous,
915 4456 971 4525 Dei
999 4454 1098 4544 gratia
1130 4457 1321 4525 Francorum
1346 4477 1412 4527 res.

299 4573 409 4641 Notum
428 4568 493 4641 lieri
511 4573 657 4640 volumus
675 4569 821 4639 fidelibus
840 4566 958 4638 nostris
970 4569 1055 4658 quoti
1070 4570 1247 4651 lohannes,
1264 4568 1411 4640 ecclesian

299 4698 414 4755 sanctae
434 4681 670 4756 Aurelianensis
689 4680 873 4775 episcopus,
895 4694 928 4752 et
952 4681 1117 4753 Goslridus
1146 4684 1291 4778 ejusdem
1312 4682 1419 4755 arclri·
