3420 5490
784 686 822 696 -
843 652 883 714 30
904 685 941 696 ..

296 789 407 843 notum
428 797 501 844 esse
532 779 602 844 ιοΙο
623 791 686 844 tarn
709 775 825 845 futuris
843 799 937 865 quarn
960 776 1173 866 pracscutiirus
1193 780 1278 866 quoti
1295 780 1421 848 discur-

296 884 347 953 dia
365 900 432 955 erat
459 885 542 956 iuter
566 886 740 956 canonicos
761 891 888 956 Sauctac
917 885 1028 956 Crucis
1046 902 1078 957 ct
1099 884 1265 956 domiuum
1288 888 1420 959 itaiuau·

295 1001 372 1068 tluru
393 1002 432 1069 tie
449 998 598 1070 craciaco
619 1012 748 1091 propter
762 1002 912 1071 immines
922 1015 955 1071 et
975 1015 1090 1072 terraru
1110 1005 1235 1072 Sauctau
1251 1002 1362 1073 Crucis
1379 1006 1421 1074 ric

295 1112 445 1196 flaciaco,
466 1136 562 1204 quam
578 1128 610 1183 et
629 1114 697 1204 ipse
717 1129 749 1185 ct
770 1115 917 1184 homiues
937 1116 986 1184 sui
1007 1115 1118 1185 multis
1138 1113 1266 1205 rujuriis
1286 1117 1420 1186 intesta·

296 1227 385 1308 baut,
408 1238 439 1295 ct
460 1248 516 1317 per
536 1229 636 1296 malas
651 1225 904 1296 consuetudines
925 1227 1162 1318 opprimebant,
1182 1242 1214 1298 et
1233 1226 1328 1298 etiam
1345 1252 1419 1321 pru·

295 1338 384 1429 prias
420 1359 478 1408 res
508 1338 738 1408 canonicorum
776 1337 957 1431 rapiebant.
988 1343 1047 1410 i'ro
1072 1342 1190 1431 quibus
1223 1341 1352 1431 injuriis
1385 1355 1417 1412 et

294 1451 446 1541 dampnis
465 1453 634 1521 canonicis
653 1464 686 1521 et
704 1464 797 1522 tcrrae
816 1457 975 1522 eieoruru
997 1453 1185 1523 homiuibus
1205 1454 1316 1537 itiatis,
1337 1477 1415 1544 quu-

296 1584 365 1632 rum
397 1584 522 1632 summa
542 1568 640 1633 muita
660 1577 742 1646 erat,
760 1586 871 1655 pacem
889 1565 1028 1634 domnus
1054 1566 1237 1634 itainautius
1251 1567 1415 1654 quaesitit.

295 1679 375 1760 Quae
394 1675 502 1746 umuia
522 1676 669 1747 cauouici
689 1699 726 1747 ea
745 1677 931 1748 conditione
957 1677 986 1748 ei
1011 1679 1285 1764 couriouaueruut,
1308 1696 1341 1748 ut
1357 1701 1412 1750 eas

296 1790 395 1858 maias
415 1791 682 1874 consuetudines,
702 1812 782 1879 quas
802 1788 871 1880 ipse
888 1803 921 1861 ct
936 1803 1025 1881 pater
1043 1812 1121 1860 suus
1138 1789 1170 1860 in
1187 1790 1369 1862 homiuibus
1381 1805 1412 1863 et

295 1916 377 1971 terra
393 1905 519 1970 Sauctae
531 1901 642 1971 Crucis
654 1902 772 1991 injuste
784 1916 969 1992 posuerant,
979 1900 1163 1984 dimitteret,
1173 1917 1206 1972 et
1218 1902 1343 1994 quietas
1354 1905 1416 1973 cia·

295 2034 394 2089 maret
410 2042 418 2087 :
432 2021 518 2109 quoti
534 2018 618 2088 etita
635 2018 721 2089 iecit.
738 2022 833 2089 Erant
847 2033 954 2089 autem
970 2019 1032 2089 iliru
1044 2024 1137 2091 maiae
1149 2021 1414 2103 consuetudines,

293 2154 373 2221 quas
392 2130 520 2220 quietus
539 2131 699 2215 clamauit,
723 2132 794 2202 ista.
819 2137 937 2203 Porcus
961 2131 1144 2202 irumiuiims
1161 2137 1286 2202 Sauctru
1306 2132 1417 2203 Crucis

293 2245 469 2332 «inscrebat,
482 2257 513 2313 ct
529 2248 569 2313 ab
579 2247 628 2314 eis
639 2243 798 2335 cartiebat,
811 2260 842 2314 et
856 2244 883 2315 si
898 2249 972 2315 darc
983 2249 1116 2324 nuiicut,
1132 2249 1306 2315 auicrcirat.
1323 2245 1416 2316 Sirui·

294 2355 366 2426 iiter
387 2360 428 2428 tie
453 2357 559 2448 aguis,
575 2361 614 2429 de
634 2357 800 2443 arietibus,
819 2362 859 2429 de
878 2357 995 2441 vaccis,
1015 2362 1056 2429 rie
1075 2361 1172 2444 tullia,
1195 2362 1235 2429 rie
1254 2384 1410 2444 messura,

294 2494 389 2561 quatu
411 2485 443 2542 ct
469 2470 538 2563 ipsc
557 2487 590 2542 et
607 2470 755 2542 homiues
774 2471 823 2542 sui
840 2471 871 2542 iu
893 2471 1042 2564 predicta
1063 2487 1146 2544 terra
1165 2471 1345 2564 sarriebant,
1368 2478 1408 2546 tie

295 2584 381 2664 uiuo,
398 2585 482 2654 etde
509 2606 649 2667 auuoua,
668 2600 700 2654 et
721 2585 910 2675 pecudibus,
932 2599 963 2654 et
982 2588 1022 2654 ric
1042 2585 1159 2656 ceteris
1179 2588 1264 2657 unric
1285 2586 1411 2670 vivitur,

296 2721 367 2787 quae
387 2695 565 2768 servientes
593 2696 642 2768 sui
666 2695 735 2768 siue
762 2702 854 2788 jussu
892 2696 1002 2769 domui
1029 2697 1181 2769 ltaiuaudi
1212 2722 1250 2771 ac
1278 2723 1409 2771 suorum

294 2811 502 2881 seruientium
528 2811 620 2880 tundi
640 2833 703 2880 uun
724 2813 964 2902 permittebant,
984 2827 1015 2882 et
1038 2827 1153 2903 prater
1173 2814 1264 2896 istas,
1281 2816 1308 2883 si
1329 2839 1409 2905 tritas

294 2927 375 2997 aiias
395 2930 494 2996 maias
511 2927 765 2997 cousuetutiiues
781 2926 851 3018 ipse
862 2941 916 2997 aut
937 2941 1025 3018 uatcr
1037 2950 1116 2997 suus
1130 2929 1273 3009 uriscrat,
1284 2930 1410 3019 quitus

180 3113 186 3120 ,
294 3043 442 3112 ciaruauit
475 3041 584 3111 iuliis
615 3042 742 3111 sciiicct
765 3043 819 3131 qui
853 3040 1013 3132 conjugati
1044 3041 1171 3122 tuerint,
1210 3058 1242 3112 ιι
1279 3058 1412 3135 uterquc

294 3160 419 3225 Sanctae
439 3154 550 3224 Crucis
570 3153 634 3239 sit;
671 3157 718 3224 rui
744 3153 770 3223 si
800 3155 913 3225 tiriuus
932 3155 987 3238 sit,
1007 3170 1040 3225 et
1059 3159 1184 3224 Sanctus·
1209 3158 1321 3227 Crucis
1347 3160 1415 3242 sit;

295 3271 341 3337 tei
366 3265 393 3336 si
415 3266 505 3335 uiriua
526 3266 580 3346 sit,
602 3284 633 3335 et
654 3270 778 3335 Sauctae
798 3266 910 3336 Crucis
925 3269 979 3336 sit.
1000 3268 1154 3336 Cauuuiei
1177 3289 1305 3356 quoquc
1320 3291 1414 3347 stratu

294 3381 520 3469 proprietatem
540 3401 733 3467 quocunque
753 3380 994 3448 volueriutsine
1006 3379 1188 3469 calumpnia
1202 3380 1417 3470 deportabunt

294 3495 341 3563 uei
358 3493 507 3561 tendent.
542 3489 731 3561 iiuruiuibus
757 3504 867 3560 autern
889 3495 1013 3561 Sanctae
1034 3492 1148 3560 Crucis
1167 3514 1225 3560 sua
1246 3495 1415 3583 deportare

293 3618 325 3675 et
347 3608 484 3677 uendere
509 3609 549 3675 ud
569 3628 781 3696 quaecumque
806 3610 874 3676 iuca
898 3607 1055 3675 volueriut
1079 3606 1203 3689 iicebit,
1235 3619 1351 3697 practer
1369 3610 1408 3679 ati

294 3723 362 3789 tuca
376 3721 430 3789 itta
450 3717 502 3788 ubi
524 3718 593 3809 ipsc
612 3741 759 3808 guerram
779 3718 920 3789 habebit.
937 3717 1090 3788 Cauoruu
1112 3740 1185 3788 tero
1204 3740 1242 3789 ca
1261 3743 1333 3810 quau
1352 3743 1412 3792 an·

293 3847 473 3902 teressores
501 3832 609 3902 riuurui
649 3833 803 3902 ttaiuaurii
835 3837 876 3902 ab
910 3833 1049 3903 ecclesia
1070 3836 1195 3902 Sauctru
1215 3831 1326 3903 Crucis
1356 3858 1413 3925 pru

293 3959 386 4016 terrae
406 3948 596 4016 defensioue
624 3949 769 4017 tcuuissu
788 3948 1039 4037 cognoscebant,
1062 3947 1125 4015 siti
1145 3948 1318 4017 teueutiuru
1336 3970 1413 4018 cun·

291 4073 460 4130 cesserunt
476 4084 486 4143 ;
501 4062 562 4130 hoe
581 4073 643 4141 est,
666 4062 706 4129 tie
726 4058 868 4130 uxoratis
897 4057 1081 4129 homiuibus
1102 4062 1142 4130 ds
1162 4060 1309 4136 ilariaco.
1337 4084 1415 4151 quc·

291 4194 361 4242 ruru
381 4175 471 4258 aiter,
494 4171 561 4244 siue
577 4171 635 4256 vir,
653 4175 722 4244 sits
739 4176 866 4257 mulier,
895 4171 1004 4244 domui
1023 4172 1174 4243 Raiuaudi
1189 4187 1270 4258 erat,
1283 4188 1416 4266 propter

291 4288 465 4356 canonicos
485 4309 549 4355 uuu
570 4287 710 4357 dimittet
735 4289 820 4375 quoti
847 4286 879 4356 in
902 4285 951 4356 uis
977 4309 1039 4356 nou
1064 4289 1170 4377 capiat
1188 4286 1340 4378 quicquid
1358 4310 1414 4358 ru·

291 4397 395 4468 tuerit.
414 4397 570 4468 Simititer
585 4413 615 4469 et
636 4397 797 4483 cauunici,
819 4398 844 4469 si
862 4401 943 4469 aiter
957 4421 1070 4469 eurum
1084 4414 1140 4469 aut
1156 4401 1202 4469 tir
1220 4413 1275 4469 aut
1293 4401 1411 4472 muticr

289 4511 433 4602 ipsorum
466 4512 571 4597 tuerit,
602 4512 730 4602 capient
751 4515 782 4582 iu
816 4515 865 4583 eis
889 4512 1041 4603 quicquid
1074 4512 1244 4584 voluerint.
1274 4517 1306 4583 iu
1332 4536 1412 4583 unu

288 4647 417 4715 quoque
436 4639 573 4717 arpentu
592 4625 754 4697 uinearum
788 4626 929 4696 modium
957 4648 1055 4697 unum
1077 4624 1155 4709 riui,
1176 4628 1205 4696 si
1225 4639 1349 4697 tautum
1369 4624 1414 4697 ibi
