3420 5490
872 711 930 775 tas
950 747 989 758 -

853 1000 947 1104 extu

575 1266 789 1350 compiegne,
809 1272 830 1332 tt
847 1269 885 1350 (V
899 1268 959 1334 des
977 1271 1062 1353 ides)
1073 1273 1148 1354 juin
1163 1273 1224 1337 ste

424 1478 629 1536 Confirmation
645 1496 696 1551 par
710 1479 797 1536 Louis
811 1480 834 1534 V
850 1479 901 1538 des
917 1479 1099 1553 possessious
1112 1481 1147 1538 de
1160 1480 1353 1540 sunta-croix
1375 1544 1377 1549 ,

758 1581 786 1634 el
800 1577 835 1634 ds
850 1577 1030 1634 l’immunitb.

330 1757 408 1830 tono.
424 1773 539 1830 uocatu
554 1773 603 1830 ces
617 1773 770 1831 automno
784 1774 835 1831 cet
848 1774 952 1831 cauca
967 1780 995 1830 ιι
1009 1775 1045 1831 ιιι
1057 1776 1087 1832 ια
1101 1774 1243 1848 uranus,
1255 1781 1274 1832 t.
1292 1776 1340 1846 rx,
1352 1793 1379 1849 p.
1391 1776 1462 1838 coo,

749 1871 860 1944 d’aprbs
874 1871 1036 1943 l'original).

377 2067 410 2134 ln
443 2062 573 2136 nomine
596 2063 724 2136 Domini
742 2066 801 2135 Dei
820 2064 931 2136 esteroi
958 2078 991 2135 et
1024 2067 1202 2136 Salvatoris
1233 2064 1334 2160 uostri
1360 2062 1460 2138 lbesu

333 2177 461 2264 Christi,
478 2176 669 2263 budouieus,
684 2176 902 2250 misericordia
916 2177 972 2250 Dei
989 2201 1054 2250 res.
1069 2177 1100 2250 Si
1125 2177 1324 2251 liberalitatis
1337 2193 1458 2252 nostroe

332 2292 508 2366 munimine
549 2293 700 2385 quiddam
732 2293 928 2366 conterimus
965 2293 1135 2379 lrcnellcio,
1176 2308 1208 2368 et
1243 2295 1457 2383 necessitates
1541 2318 1544 2325 ·

331 2410 567 2482 ecclesiasticas
595 2412 633 2482 ad
656 2409 827 2502 petitiones
847 2413 1050 2483 sacerdotum
1073 2424 1183 2484 nostro
1210 2414 1389 2485 relevamus
1406 2399 1460 2505 ju·

331 2528 454 2599 samius
481 2541 576 2618 atque
614 2527 771 2619 imperiali
806 2541 933 2599 tuemur
960 2525 1151 2611 munimine,
1184 2528 1216 2598 id
1247 2530 1341 2599 uobis
1361 2541 1394 2600 el
1418 2530 1458 2599 ad

329 2645 494 2713 mortalem
515 2640 610 2711 sitam
648 2642 878 2733 temporaliter,
900 2641 1117 2713 transiendam
1154 2656 1188 2712 et
1221 2644 1262 2712 ad
1295 2643 1457 2716 aternam.

329 2757 465 2825 lelieiter
495 2755 704 2826 obtinendam
725 2759 925 2846 prolaturum
961 2755 1082 2846 liquido
1113 2753 1287 2826 credimus.
1318 2757 1448 2826 Noverit

327 2866 447 2938 interea
477 2867 635 2958 sagacitas
663 2857 725 2938 'seu
744 2867 866 2939 utibtas
896 2869 1041 2939 omnium
1059 2868 1200 2939 bdelium
1237 2879 1358 2939 sanctae
1391 2867 1448 2939 Dei

327 2979 491 3065 Ecclesiae,
512 2996 761 3073 nostrorumque
781 2994 845 3053 tarn
877 2979 1085 3071 prmseulium
1108 3005 1203 3072 quam
1224 2995 1256 3053 et
1277 2983 1454 3053 luturorum

329 3097 483 3182 sollertia,
507 3096 579 3188 quia
598 3095 710 3168 adiens
744 3120 791 3168 uu
820 3095 1009 3169 uenerabilis
1025 3099 1188 3179 llrnullos,
1214 3094 1455 3169 Aurelianensis

329 3208 475 3282 ccclesim
507 3211 642 3280 humilis
672 3213 858 3302 episcopus,
897 3208 1101 3282 seueritatem
1144 3221 1302 3294 nostram,
1338 3208 1455 3282 obtulit

330 3321 495 3393 obtutibus
529 3323 647 3394 nostris
684 3323 891 3395 auctoritates
926 3326 1202 3415 prudecessorum
1251 3335 1449 3407 nostrorum,

331 3435 480 3507 videlicet
512 3435 710 3508 serenissimi
755 3437 858 3509 llaroli
890 3435 1095 3528 imperatoris
1133 3460 1261 3509 necnon
1290 3435 1455 3509 llludouici

331 3549 594 3623 excellentissimi
631 3553 717 3643 regis
742 3553 791 3622 aui
824 3555 939 3634 nostri,
978 3565 1073 3644 atquo
1113 3550 1329 3645 progenitoris
1355 3551 1456 3624 nostri

331 3666 460 3737 lllotarii
491 3665 651 3757 magnifici
688 3665 786 3758 regis,
819 3666 849 3737 in
879 3667 997 3760 quibus
1022 3665 1249 3738 continebatur
1267 3667 1404 3759 qualiter
1427 3664 1456 3739 ei

329 3805 442 3853 omncs
460 3805 513 3853 ros
532 3781 680 3853 ecclesius
699 3805 766 3853 suan
786 3780 1013 3874 perpetualiter
1040 3783 1079 3852 ad
1105 3780 1354 3853 deserviendum
1380 3804 1458 3853 con·

330 3899 542 3982 ltrmsvcraut,
589 3900 756 3989 postulans
785 3910 881 3990 atque
918 3895 1081 3969 bumiliter
1115 3899 1292 3970 obsecrans
1326 3910 1359 3968 ut
1395 3921 1456 3969 nos

330 4035 451 4084 morem
472 4024 639 4103 paternum
662 4023 849 4102 sequentes,
876 4013 1008 4084 easdem
1028 4033 1081 4084 res
1110 4010 1215 4083 eidem
1235 4012 1383 4084 ecclesiae
1412 4010 1457 4083 si·

366 4377 375 4412 ¹
391 4377 444 4434 Les
460 4379 550 4434 lautos
563 4379 717 4450 grossiores
728 4383 777 4433 ont
791 4376 835 4432 dte
849 4377 992 4447 corrigdes
1001 4376 1071 4432 dans
1087 4376 1113 4432 la
1126 4377 1257 4449 pressula
1271 4375 1373 4432 ddilion
1387 4390 1394 4429 τ
1409 4388 1453 4432 or.

332 4469 469 4523 Screoucs
483 4485 517 4524 au
534 4468 590 4524 lieu
604 4468 640 4523 de
655 4468 824 4539 Surenam
843 4467 1061 4538 Gorpopilensis
1080 4482 1117 4522 au
1131 4465 1188 4522 lieu
1203 4465 1238 4521 ds
1252 4464 1456 4538 Gcnpopism-

330 4558 369 4611 sr's
384 4576 392 4624 3
408 4557 586 4629 dluropilum
602 4575 637 4614 au
652 4559 709 4614 lieu
724 4558 759 4614 dc
772 4557 946 4627 Mccoqilum
961 4573 967 4612 :
993 4557 1085 4614 lantes
1099 4555 1254 4613 describes
1268 4556 1306 4611 du
1325 4567 1356 4611 x·
1371 4555 1456 4610 stoctn

330 4665 366 4703 οιι
382 4647 431 4703 des
446 4650 566 4721 copistes
581 4648 630 4705 des
646 4646 834 4717 Benddictins,
850 4646 919 4702 elles
932 4662 968 4702 ne
983 4647 1115 4702 meritent
1135 4662 1228 4703 aucun
1250 4645 1344 4718 epord.
1368 4645 1456 4701 L'ori·

328 4738 403 4810 gina}
419 4738 464 4793 n'a
478 4755 516 4811 ptr
531 4741 589 4795 else
604 4739 744 4794 retrourd.
