3420 5490
812 745 849 754 -
871 711 931 771 tbb
951 744 986 755 -

341 832 485 905 mitatem
532 833 680 906 Vibenodi
712 838 899 926 portabunt.
950 833 1081 922 Siognte
1113 834 1267 926 quadrige
1316 836 1462 927 singulos

335 948 484 1019 denarios
512 971 570 1041 pro
590 947 813 1040 procuratione
840 951 1030 1034 babebunt3
1075 947 1107 1018 in
1134 952 1252 1040 paseba
1283 947 1315 1020 in
1336 953 1462 1022 duabus

334 1061 472 1132 macnus
487 1084 542 1133 sex
554 1063 704 1133 denarios
720 1084 776 1153 pro
798 1083 882 1152 agno
905 1061 1240 1153 [babebit13tempore
1256 1063 1460 1153 rogationum

334 1174 374 1243 de
406 1172 542 1265 singuiis
577 1174 716 1246 masuris
750 1173 896 1266 singulos
928 1198 1039 1267 panes.
1091 1178 1125 1245 ln
1154 1175 1288 1247 decimis
1327 1176 1460 1248 minutis

335 1287 432 1357 nichil
456 1289 681 1359 reclamamus.
699 1292 816 1360 Custos
834 1301 942 1360 antem
966 1288 1164 1360 curveiarum
1189 1292 1285 1361 tidem
1306 1293 1459 1364 omnibus

334 1399 430 1470 saciet
455 1404 542 1492 quod
565 1406 644 1472 ultra
671 1416 770 1473 totam
790 1425 949 1474 sumniam
977 1402 1175 1474 corveiarum
1195 1402 1359 1487 frumeuti,
1386 1408 1460 1497 pius

333 1536 429 1606 quam
450 1515 623 1587 sextarium
639 1515 824 1588 bominibus
849 1516 991 1588 scienter
1014 1519 1053 1587 ad
1072 1518 1284 1589 deferendum
1309 1542 1375 1590 non
1395 1538 1459 1591 tra·

334 1630 399 1697 det.
410 1630 519 1699 Preter
530 1632 589 1700 bas
601 1630 853 1701 eonsuetudines
869 1630 1060 1701 nuttasatias
1076 1634 1171 1701 babet
1182 1630 1326 1724 proprias
1339 1634 1371 1702 iu
1387 1633 1459 1704 siba

334 1744 493 1812 bobertus
514 1744 561 1811 vel
578 1745 672 1814 beres
691 1745 762 1831 ejus
789 1765 848 1813 nec
868 1744 1045 1814 babebunt.
1064 1747 1313 1833 Verumptamen
1338 1744 1365 1815 si
1383 1745 1457 1835 quis

334 1853 497 1945 bospitnm
518 1856 558 1925 de
571 1854 861 1925 consuetudinibus
873 1854 945 1926 istis
965 1853 1113 1945 injuriant
1132 1859 1272 1927 boberto
1287 1859 1336 1927 vei
1350 1856 1462 1929 beredi

300 2054 304 2059 Ι
333 1990 394 2038 suo
420 1969 502 2038 torte
527 1967 710 2049 contulerit,
733 1971 892 2038 Hubertus
913 1970 961 2038 ved
983 1972 1077 2039 beres
1096 1971 1167 2059 ejas
1192 1971 1231 2039 ad
1258 1969 1343 2040 diem
1363 1970 1461 2043 ratio·

334 2079 473 2151 nabideur
493 2080 700 2150 submonebit
713 2103 786 2151 eum
808 2095 840 2150 et
860 2080 939 2150 iuba
957 2080 1153 2152 vittameno
1174 2104 1250 2153 euru
1267 2081 1458 2172 justicisbit.

333 2197 410 2262 'dota
430 2208 537 2262 auteur
565 2192 625 2262 alia
641 2191 770 2282 justicia
790 2196 830 2262 ad
854 2192 1026 2263 ecciesiam
1047 2199 1164 2263 Sancte
1183 2192 1295 2265 Crucis
1321 2209 1458 2285 spectat.

334 2308 468 2375 becime
494 2327 693 2374 annonarum
724 2317 756 2374 et
786 2306 1019 2395 campipartes
1050 2303 1136 2375 iilius
1157 2319 1240 2376 terre
1270 2328 1461 2379 contmunes

333 2431 441 2503 erunt,
466 2433 591 2489 etcum
613 2416 697 2488 mina
723 2416 879 2508 equaliter
898 2417 1094 2499 dividentur,
1115 2432 1148 2489 et
1171 2418 1346 2510 sartagines
1366 2420 1460 2491 simi-

335 2531 406 2601 diter
421 2530 615 2601 dividentur.
638 2536 701 2602 Nos
722 2554 796 2601 vern
814 2544 848 2602 ct
867 2533 1028 2601 dabertus
1042 2531 1206 2622 grangiam
1227 2533 1454 2604 racionabitcm

334 2647 374 2717 de
394 2647 501 2715 culmo
531 2648 578 2715 vet
610 2646 800 2715 arundineto
831 2659 948 2716 tectam
979 2647 1145 2715 faciemus.
1179 2647 1211 2714 Si
1242 2670 1318 2718 vero
1351 2661 1457 2739 [uetur

334 2757 608 2830 submonitionem
629 2773 770 2829 uestram
802 2761 960 2829 bobertus
988 2773 1136 2850 sumptus
1168 2761 1199 2829 in
1230 2762 1360 2851 grangia
1391 2759 1451 2832 sibi

333 2876 560 2966 contingentes
581 2897 700 2966 'inisero
720 2871 872 2957 restitnerit,
895 2898 954 2945 uos
985 2889 1017 2943 et
1046 2873 1210 2965 grangiam
1240 2874 1396 2947 iaciemus
1422 2889 1456 2946 et

333 2991 525 3082 farraginem
547 3003 645 3060 totam
668 2991 827 3081 ineptiam
849 2989 1052 3072 babebimus,
1078 2992 1237 3060 tbrbertus
1257 3014 1332 3061 terti
1352 2990 1378 3061 si
1399 3016 1459 3062 uos

333 3105 547 3177 deieceriutus
566 3104 714 3175 simiiiter
730 3104 892 3196 grangiam
925 3128 998 3175 curu
1022 3103 1180 3195 farragine
1202 3106 1343 3176 babebit.
1365 3110 1459 3177 (lotu-

333 3219 529 3312 positionem
547 3236 653 3290 arrtcm
667 3234 699 3288 et
719 3219 972 3289 consuetudines
988 3217 1146 3308 predictas
1169 3222 1328 3290 brrbertus
1343 3222 1460 3312 juravit

331 3349 364 3405 et
381 3335 532 3404 beredem
559 3335 654 3422 bnjus
674 3347 757 3402 terre
786 3355 1009 3423 possessorem
1040 3335 1317 3401 brebaurbandum
1346 3336 1455 3424 jurare

333 3445 419 3517 tecit.
454 3451 536 3515 Uxor
563 3449 634 3535 ejus
664 3447 755 3514 babes
786 3443 925 3534 idipsum
957 3445 1132 3514 coracessii.
1169 3447 1267 3534 buius
1300 3446 1458 3536 pactionis

333 3572 433 3630 testes
457 3572 532 3627 suut
562 3579 599 3627 es
623 3572 711 3647 giarte
741 3571 873 3626 nostra:
903 3562 991 3646 ttugo
1012 3558 1051 3626 de
1083 3555 1160 3626 dtuia
1182 3580 1275 3639 rinus,
1297 3562 1459 3630 Manasses

333 3671 417 3740 btins
437 3672 520 3760 ejus,
549 3672 811 3739 brcbambaudus
830 3671 871 3739 de
891 3671 1054 3748 combles,
1079 3671 1225 3738 bibertus
1253 3673 1366 3760 major,
1386 3672 1459 3741 (idn

333 3788 374 3855 de
394 3782 523 3870 bestisi,
546 3787 688 3853 bericus
705 3786 745 3853 de
764 3785 916 3872 (lysania,
948 3784 1118 3851 ttciteuus
1146 3785 1285 3852 Poteras
1312 3796 1345 3853 et
1364 3787 1461 3855 trater

333 3899 403 3987 ejus
424 3896 605 3978 dircardus,
628 3902 745 3986 Symon
766 3897 807 3966 de
833 3894 991 3986 dtupibus,
1017 3896 1198 3964 Teoiraldus
1225 3897 1265 3966 de
1286 3898 1457 3971 Fauerotis.

333 4013 374 4081 Es
397 4026 485 4100 parte
505 4032 578 4080 vero
605 4008 762 4079 botberti:
788 4009 938 4079 Vastiuno
960 4009 1000 4077 de
1021 4007 1195 4088 b'iranitate,
1216 4007 1396 4082 Gaubridus
1418 4011 1460 4081 dc

334 4121 513 4208 basocbiis,
548 4122 719 4194 ltaiuatdus
751 4126 791 4193 de
822 4126 922 4206 Cboe,
949 4124 1020 4191 Ode
1047 4119 1206 4204 desisti,
1235 4123 1391 4192 leodoinus
1418 4124 1460 4195 de

333 4237 444 4321 Cbire,
465 4237 618 4308 ltrisebus
638 4240 678 4308 de
702 4237 852 4319 Cbeudri,
876 4236 1025 4307 Turrinus
1045 4238 1084 4306 dc
1104 4233 1303 4319 domiciaco,
1325 4238 1460 4308 botber-

333 4368 385 4423 tus
406 4357 621 4423 beneventus.
657 4358 768 4421 Actum
802 4350 927 4442 publice
960 4349 991 4419 in
1022 4348 1165 4440 capitulo
1197 4354 1313 4421 Sancte
1333 4348 1460 4434 Crucis,

333 4490 418 4538 auaro
439 4470 622 4549 beXb'tb,
649 4465 828 4536 astantibus
851 4464 882 4535 iu
903 4464 1040 4536 ecclesia
1060 4478 1168 4535 trustra
1188 4463 1361 4554 majoribus
1388 4486 1460 4557 per·

332 4580 423 4651 serris
450 4567 581 4672 tinguite
608 4583 745 4664 decano,
767 4582 891 4650 brrdrea
914 4592 1061 4662 cantore,
1087 4580 1220 4649 betotdn
1251 4579 1451 4665 subdecano,

332 4696 478 4765 donasse
491 4691 665 4784 capicerio.
