3420 5490
787 702 1001 764 -t6-.

843 929 879 991 vt

548 1131 699 1200 Orloans,
723 1130 836 1209 [avant
857 1133 887 1193 le
911 1131 952 1190 l“
972 1131 1063 1210 aotltl
1086 1132 1164 1194 1155

295 1308 433 1372 Manassd,
443 1309 550 1379 dieque
558 1306 717 1375 d'Orldans,
730 1309 873 1363 reconnalt
883 1324 918 1362 au
927 1307 1054 1378 chapilre
1064 1307 1298 1364 desento-erote
1308 1308 1334 1365 la
1342 1309 1417 1364 droll

330 1404 427 1460 d’dlirc
442 1419 493 1459 aon
507 1403 596 1476 doyen
610 1408 637 1459 ct
651 1402 686 1458 de
701 1402 820 1459 loucber
842 1405 884 1460 las
907 1419 1027 1459 ratenus
1041 1404 1145 1460 durant
1168 1402 1194 1460 la
1217 1420 1345 1476 vacauce,
1359 1405 1424 1461 saul

329 1499 371 1556 les
385 1500 473 1557 droits
487 1500 537 1558 des
546 1499 742 1555 archidiacres.

668 1645 765 1718 (Copia
779 1645 814 1701 da
829 1647 942 1712 Beluae,
959 1663 986 1718 p.
1002 1647 1043 1716 ἱ.)

341 1840 376 1907 ln
396 1838 493 1906 domo
512 1833 653 1920 Domini,
673 1858 746 1925 quiec
764 1834 851 1926 pacis
864 1848 896 1905 et
916 1839 1099 1905 concordie
1116 1837 1232 1907 domus
1251 1851 1314 1922 est,
1336 1862 1418 1930 pru·-

293 1948 387 2040 cipue
421 1948 653 2040 providendum
686 1960 734 2018 est
770 1962 806 2018 ut
843 1945 947 2018 unitas
977 1962 1195 2019 conservetur.
1223 1951 1260 2020 Et
1285 1949 1361 2040 rpuia
1387 1951 1419 2021 iu

294 2060 434 2133 scissura
463 2061 617 2132 mentium
638 2083 703 2131 non
728 2061 849 2131 habitat
867 2065 967 2145 Deus,
989 2060 1015 2132 si
1040 2063 1170 2151 quando
1197 2061 1421 2136 dissenciones

293 2190 347 2246 aut
377 2176 528 2246 scandala
558 2173 589 2243 in
616 2196 652 2244 ea
682 2171 840 2257 oriuntur,
871 2187 1013 2244 rectores
1042 2175 1266 2258 ecclesiarum,
1301 2178 1420 2266 quibus

293 2285 475 2379 specialiter
506 2285 663 2356 incumbit
692 2300 724 2356 et
754 2284 894 2377 expedit,
930 2284 1053 2357 disielize
1073 2300 1105 2357 ct
1137 2285 1340 2378 negligentiae
1366 2312 1420 2360 ar-

292 2401 410 2492 guendi
425 2415 514 2484 sunt,
531 2397 592 2470 nisi
609 2400 749 2470 discreto
768 2402 911 2492 ipsorum
927 2398 1145 2470 moderamine
1165 2414 1197 2470 ct
1215 2400 1353 2472 consilio
1367 2426 1419 2473 se-

296 2514 434 2607 piantur.
457 2517 491 2584 ln
512 2513 642 2585 rtonrinc
661 2513 758 2604 igitur
777 2529 897 2585 sauctae
917 2527 949 2584 et
963 2512 1133 2583 individue
1154 2512 1329 2586 Trinitatis.
1350 2519 1415 2607 ligo

292 2633 466 2713 llanasses,
485 2629 540 2699 llci
561 2626 711 2719 patientia
736 2626 972 2697 Aurelianensis
991 2626 1138 2697 ecciesiae
1156 2627 1288 2699 homilis
1308 2629 1419 2701 minis-

292 2758 352 2828 ter,
375 2741 523 2835 praesenti
550 2754 670 2833 scrrpto
691 2741 796 2812 curavi
818 2740 981 2811 nrornorire
1004 2745 1246 2824 commendare,
1266 2758 1337 2834 post
1358 2745 1415 2814 de-

291 2881 419 2929 cessum
440 2854 549 2926 domiti
570 2855 737 2946 Stephani,
761 2853 952 2925 venerabilis
967 2856 1112 2944 ejusdcm
1132 2854 1280 2927 ecclesiae
1298 2856 1411 2928 decarri

292 2976 384 3042 borne
404 2971 581 3054 memoriae,
597 2972 680 3040 iuter
695 2992 754 3039 tros
767 2985 798 3040 ct.
812 2968 986 3060 capitulum
1000 2974 1126 3038 Sanctae
1142 2968 1252 3040 Crucis
1272 2974 1311 3041 du
1331 2975 1416 3042 elec-

291 3086 377 3156 tione
397 3083 523 3166 decani,
540 3086 579 3153 ad
599 3107 681 3175 ‹puos
703 3082 863 3167 videlicet,
884 3085 923 3152 ad
940 3104 999 3153 nos
1015 3086 1063 3153 vel
1078 3081 1178 3175 ipsos,
1196 3082 1281 3154 illins
1295 3085 1416 3156 substi·

290 3199 370 3269 tutio
389 3197 560 3290 specialius
580 3196 765 3288 pertineret,
783 3195 1023 3267 contentionem
1043 3195 1198 3267 extitisse.
1221 3197 1416 3269 Erarrtcnim

289 3311 342 3403 qui
363 3315 577 3402 suggerebant
597 3312 691 3380 nobis
715 3307 979 3380 substitutionem
1008 3308 1120 3379 decani
1140 3312 1180 3379 nd
1205 3312 1260 3400 jus
1290 3310 1417 3403 episco-

291 3429 361 3517 pale
382 3423 553 3517 pertinere.
572 3422 751 3514 sapitulutn
771 3439 878 3495 autern
893 3422 925 3493 iu
939 3422 1133 3493 contrarium
1150 3427 1315 3495 asserebat
1328 3429 1415 3517 quod

290 3541 469 3611 decedente
494 3540 616 3608 decano
635 3561 707 3622 suo,
725 3563 761 3608 er
775 3540 843 3627 jure
862 3539 995 3628 nrrtiipro
1007 3553 1040 3608 ct
1056 3538 1305 3624 consuetudine,
1320 3565 1414 3612 sarrire

290 3668 358 3725 erat
391 3641 548 3725 decanum
568 3651 628 3723 sibi
646 3651 777 3743 eligere,
802 3669 834 3724 et
854 3654 980 3723 bonesti
1002 3653 1057 3723 viri
1077 3655 1116 3723 de
1142 3657 1256 3725 eodeni
1274 3655 1415 3747 capitulo

292 3768 390 3862 parati
411 3784 500 3839 erant
520 3772 580 3837 snb
596 3767 767 3857 juramenti
782 3767 960 3838 assertione
977 3771 1110 3857 probare
1128 3768 1296 3839 sevidisse
1316 3771 1412 3840 deca-

292 3908 369 3954 num
391 3906 447 3976 per
467 3881 657 3954 electionem
685 3881 813 3974 capituli
837 3882 868 3951 in
897 3881 1114 3952 burelianertsi
1144 3883 1280 3955 ecclesia
1301 3889 1414 3957 subro-

291 3997 370 4089 gari.
391 4001 454 4067 Nos
473 3996 645 4088 siquidem,
664 3995 793 4066 scritate
813 3995 1057 4084 diligentissimo
1077 3996 1241 4087 impuisita,
1259 4022 1315 4089 pro
1333 4023 1411 4091 paee

289 4126 320 4182 et
346 4110 466 4181 unitate
484 4109 566 4179 inter
583 4133 642 4179 nos
657 4110 870 4191 retonnanta,
890 4109 1127 4179 comrrumieato
1151 4133 1225 4180 curn
1252 4111 1413 4203 religiosis

290 4224 365 4295 liris
385 4224 533 4307 consilio,
551 4226 604 4314 jus
623 4222 768 4292 eoeleste
793 4222 1016 4312 cognorimus,
1042 4236 1074 4293 et
1099 4224 1239 4316 capitulo
1272 4226 1413 4298 Aurelia·

290 4338 382 4409 rrerrsi
404 4340 584 4408 laenitatem
605 4333 742 4425 eligendi
752 4337 909 4406 decanum
930 4333 971 4405 itu
992 4336 1214 4409 concessimus
1233 4344 1334 4430 quod,
1355 4344 1413 4411 de·

289 4445 479 4518 cedentibus
499 4443 631 4514 decurris
650 4443 729 4524 suis,
758 4443 855 4513 libere
875 4442 936 4513 illis
954 4441 985 4513 in
1011 4460 1200 4534 perpetuum
1226 4445 1319 4517 liccat
1354 4450 1413 4519 dc·

288 4582 404 4632 cautim
432 4557 491 4629 sibi
511 4557 642 4648 eligere,
674 4571 705 4627 et
729 4556 868 4647 quandiu
896 4558 990 4627 sodes
1012 4581 1108 4627 vacua
1129 4556 1237 4644 suerit,
1269 4558 1413 4631 redditos

289 4693 404 4740 omncs
417 4667 572 4752 decaniae,
589 4684 706 4760 praeter
724 4689 781 4737 eos
800 4666 853 4756 qui
866 4670 905 4736 ad
925 4666 1221 4738 archidiaconatum
1238 4669 1411 4761 pertinent,
