3420 5490
763 686 794 696 -
823 653 883 716 aoo
904 686 943 696 --

289 777 528 869 quomodolibet
552 780 731 871 provenire,
759 793 791 850 et
808 782 892 869 otrod
920 790 1050 869 propter
1077 780 1138 847 lroc
1167 776 1314 847 universa
1331 780 1418 849 bona

288 893 495 985 episcopalia,
516 908 548 965 et
563 893 746 984 specialiter
764 916 878 964 ornnes
900 907 962 965 taur
984 891 1079 983 sigilli
1103 888 1418 983 ‹pitarnjurisdictio

290 1007 339 1079 uis
364 1009 557 1100 episcopalis
578 1025 753 1100 proventus
781 1009 846 1079 sitit
862 1023 894 1079 et
917 1022 1067 1078 ratarreant
1088 1006 1144 1077 tibi
1157 1021 1186 1077 et
1201 1008 1326 1077 eisdem
1348 1006 1416 1077 tuis

289 1122 533 1192 successoribus
553 1124 706 1211 obligata,
729 1122 846 1211 quilius
867 1126 916 1191 ct}
936 1122 1025 1192 libris
1046 1134 1079 1189 tu
1099 1134 1130 1192 et
1146 1118 1222 1190 dicti
1242 1142 1417 1191 successo-

289 1257 354 1319 res,
372 1234 514 1304 contenti
529 1233 716 1320 existentes,
733 1236 864 1304 racione
878 1232 1156 1304 archidiaconatus
1168 1246 1199 1302 et
1212 1234 1315 1303 eciam
1328 1234 1417 1323 epis-

288 1345 410 1436 copalis
435 1346 668 1437 jurisdictionis
690 1346 757 1417 sive
782 1346 990 1417 emolumenti
1024 1360 1198 1437 prouentus
1212 1368 1250 1415 ex
1265 1344 1313 1415 cis
1333 1344 1413 1415 uilril

290 1458 527 1549 voltisamplius
549 1458 709 1528 vindicare
724 1459 869 1549 possitis.
891 1464 997 1543 erare
1018 1456 1120 1539 voltis,
1142 1456 1296 1549 episcope
1314 1470 1345 1527 et
1360 1460 1416 1527 de-

289 1594 380 1656 cane,
402 1595 419 1640 a
440 1571 534 1640 uoltis
551 1571 740 1662 suppliciter
756 1571 994 1661 postulantibus
1015 1583 1049 1639 nt
1068 1571 1345 1662 composicionem
1358 1574 1417 1639 ltu·

286 1684 427 1774 jusmodi
455 1687 632 1774 approlrarc
651 1707 688 1754 ac
712 1684 891 1774 apostolico
912 1688 1062 1755 roltorare
1083 1682 1260 1753 munimine
1287 1706 1416 1755 entrare·

290 1822 374 1879 mus,
390 1820 448 1866 rios
463 1795 558 1887 igitur
575 1798 810 1867 verreralrililms
824 1798 973 1868 lratrilrus
987 1798 1108 1867 nostris
1122 1797 1309 1889 G[erardo}¹
1329 1793 1417 1865 Salii·

290 1908 381 1979 nensi
402 1924 432 1978 et
454 1912 602 1998 liugoni²
638 1910 780 1979 Ostiensi
801 1910 966 2001 episcopis
986 1912 1106 1979 uostris
1129 1910 1278 1979 dedimus
1298 1908 1412 1980 litteris

289 2022 320 2091 in
341 2021 499 2093 nrarnlatis
520 2037 553 2092 ut
571 2022 612 2106 si,
627 2022 796 2114 premissis
813 2022 982 2114 diligenter
1008 2023 1165 2113 prensatis,
1183 2022 1415 2114 supernatibus

289 2160 400 2207 eorum
421 2136 644 2207 consciencias
664 2138 910 2209 internlelrarnus
929 2160 1076 2229 operare,
1093 2136 1141 2209 eis
1155 2138 1315 2208 rideretur
1327 2158 1416 2207 eom·

290 2252 491 2341 posicionem
523 2254 668 2323 earundem
706 2251 875 2323 utilitatem
912 2252 1010 2344 partis
1040 2251 1205 2344 respicere
1230 2252 1412 2343 utriusrpte,

291 2366 374 2435 illam
401 2366 593 2437 authoritate
610 2371 786 2459 approbare
811 2384 842 2438 et
865 2370 1056 2438 corrlinnare
1074 2382 1236 2451 curarent,
1257 2368 1416 2459 suplertdo

290 2484 463 2563 tlel'cetum,
485 2481 511 2549 si
532 2480 604 2569 tpuis
636 2504 692 2570 pro
704 2504 742 2551 eo
756 2484 842 2571 tprrol
857 2480 987 2571 capituli
1013 2484 1100 2551 dicte
1119 2481 1257 2553 ecclesie
1276 2484 1417 2553 trtrelia-

290 2592 401 2661 nensis
421 2615 485 2660 non
507 2593 676 2662 intervenit
702 2615 870 2675 assensus,
892 2596 940 2663 vel
960 2616 996 2663 ea
1017 2594 1077 2663 alia
1097 2616 1300 2685 rprracumque
1318 2616 1416 2663 rarrsa

289 2728 351 2795 qtae
375 2704 407 2774 in
427 2728 462 2775 ea
483 2704 597 2787 estitit,
620 2708 659 2777 de
681 2706 857 2797 apostoliae
879 2706 1079 2797 plenitudine
1100 2706 1269 2798 potestatis
1286 2722 1412 2778 coutra-

289 2820 429 2891 dictores
441 2843 674 2912 percensuram
686 2820 893 2911 apostolicam
904 2820 1136 2913 ³appettatione
1150 2820 1312 2914 posposita
1327 2844 1416 2891 rom-

191 2982 194 2987 .
289 2942 463 3025 poscendo.
479 2939 562 3005 Sarte
579 2935 744 3005 irretitorati
761 2936 990 3005 Salriuensisct
1006 2936 1167 3007 tlsttensis
1179 2934 1337 3027 episcopi,
1350 2938 1414 3005 lor·

290 3074 373 3120 trram
402 3074 458 3141 per
477 3050 579 3120 dietas
600 3049 721 3121 litteras
743 3075 823 3141 ‹prrats
848 3050 894 3120 eis
916 3049 1105 3121 tradidimus
1118 3067 1227 3121 eructa
1242 3048 1414 3141 diligencia

288 3166 506 3245 observantes,
523 3186 596 3231 cum
621 3188 676 3251 per
697 3163 855 3232 ctrriosaut
878 3162 1060 3251 irulagiucnt
1085 3186 1180 3253 qttaut
1201 3166 1242 3233 dc
1262 3161 1415 3252 predictis

288 3275 403 3344 studiis
418 3273 583 3345 lralmerint
597 3275 759 3344 veritatem
771 3274 939 3364 superltis,
955 3290 1017 3343 taur
1031 3300 1048 3343 a
1060 3278 1253 3364 ‹prtilrusdaut
1263 3274 1414 3343 l'ratrilrus

290 3387 407 3455 nostris
419 3410 512 3475 quam
524 3387 655 3476 aliisrpri
668 3388 755 3477 [ltusl
779 3390 849 3454 darn
862 3403 1012 3454 rtorerant
1023 3386 1160 3455 sollicite
1170 3389 1414 3476 perscrutando,

288 3497 410 3568 eisdem
422 3499 583 3590 episcopis
594 3498 831 3588 rideretnrtpria
844 3502 928 3567 dicta
939 3498 1137 3589 corrrposicio
1149 3499 1181 3567 iu
1195 3512 1334 3570 vestrum
1345 3520 1417 3569 res-

288 3626 473 3703 trorumrpre
489 3616 927 3683 successorumrrrrrrrilcstarn
938 3612 1147 3684 utilitatemet
1158 3611 1300 3705 predicte
1312 3616 1413 3681 eccle·

288 3726 335 3795 sie
349 3730 558 3809 reduudalrat,
573 3726 847 3818 corrtposiciouem
869 3732 964 3797 istam
979 3729 1170 3798 arrtttoritate
1198 3728 1412 3819 predictarum

288 3840 463 3911 litterarum
479 3856 658 3910 nostrarum
679 3844 895 3933 approbarunt
911 3857 943 3911 et
958 3848 1198 3925 conlirmaruut,
1221 3842 1411 3932 supplentes

288 3957 438 4041 delectui,
457 3956 483 4026 si
504 3955 575 4047 puis
590 3981 625 4025 ιιι
642 3980 680 4027 uo
700 3960 784 4048 ιμιιιιΙ
804 3956 834 4026 iu
853 3961 913 4026 lroc
929 3956 1062 4048 predicti
1083 3956 1213 4047 capituli
1235 3978 1298 4027 nttrt
1316 3954 1415 4027 inter·

290 4070 373 4139 restit
392 4094 559 4154 assensus,
590 4075 636 4140 vel
661 4096 697 4140 er
718 4095 920 4163 rprraeumtpre
940 4072 999 4142 ulia
1019 4096 1114 4143 carrsa
1138 4071 1169 4141 iu
1192 4074 1305 4141 eadutn
1325 4096 1416 4141 rout-

325 4472 332 4504 ¹
354 4473 478 4527 ltianclri.

324 4562 335 4595 ¹
355 4564 471 4631 sanguin.

320 4650 332 4683 ³
352 4652 474 4705 dctedes
486 4652 651 4705 cardinuuc
668 4668 674 4705 :
691 4651 923 4707 ecclesiasticam.
