3420 5490
789 732 970 800 „rga-

316 860 460 935 ecclesie
480 884 538 934 sue
555 862 710 955 predicte,
730 884 768 935 es
781 876 871 954 parte
883 864 998 949 altera,
1022 862 1206 933 vertebatur
1223 882 1282 933 seu
1301 861 1379 934 uerti
1393 862 1447 935 di·

316 974 771 1068 cebatursuperjurisdicione
782 991 814 1047 et
827 973 956 1067 justicia
969 973 1092 1047 rittede
1104 973 1445 1069 Nocmiosuperbige·

314 1087 386 1172 rim,
408 1088 441 1158 in
471 1087 629 1160 territorio
656 1103 688 1159 et
708 1087 913 1181 pertinentiis
937 1085 1050 1159 decani
1069 1101 1102 1158 et
1120 1086 1254 1179 capituii
1279 1090 1443 1181 predicto-

317 1224 401 1285 rum,
423 1214 516 1292 prout
536 1200 621 1272 idem
639 1203 796 1293 magister
813 1204 977 1271 iohannes
995 1201 1160 1281 asserebat
1178 1213 1210 1271 et
1228 1214 1323 1291 prout
1340 1200 1441 1273 etiam

314 1310 399 1385 dicta
419 1312 550 1385 domina
568 1312 734 1386 comitissa
747 1336 784 1385 ac
809 1311 1000 1385 venerabilis
1019 1312 1065 1383 vir
1083 1313 1234 1385 domiuus
1252 1315 1440 1409 daduipbus

312 1427 353 1499 de
374 1428 592 1515 Cheneueriis,
611 1428 694 1520 juris
714 1426 818 1499 ciriiis
838 1430 1013 1519 professor,
1035 1438 1068 1499 et
1087 1425 1276 1499 Guideimus
1298 1428 1340 1499 de
1355 1430 1439 1519 idag-

310 1542 410 1628 dnno,
433 1540 610 1612 canonicus
627 1540 767 1612 ecclesie
782 1538 1021 1613 Aurelianensis
1040 1538 1194 1632 predicte,
1211 1555 1435 1633 procuratores

309 1652 467 1722 dictorum
492 1653 606 1723 decani
623 1669 655 1725 et
670 1652 814 1744 capituli,
836 1669 930 1745 prout
944 1656 977 1722 in
995 1650 1189 1743 quibusdam
1207 1654 1435 1745 procuratoriis

309 1763 435 1846 litteris,
457 1764 562 1855 sigiiio
582 1767 713 1856 capituli
739 1764 885 1856 predicti,
912 1778 946 1835 ut
963 1769 1136 1857 apparebat
1160 1767 1261 1855 prima
1279 1764 1373 1849 facie,
1389 1764 1434 1837 si·

306 1875 438 1965 gillotis,
462 1876 692 1948 dinoscebatur
712 1878 840 1967 plenius
858 1876 1029 1959 contineri,
1061 1876 1279 1969 procuratorio
1293 1880 1427 1949 nomine

306 1992 465 2080 predicto,
481 2005 649 2082 presentes
668 2014 775 2063 coram
792 2014 844 2062 me
858 2006 891 2062 et
916 1992 1054 2062 testibus
1072 1988 1279 2083 subscriptis,
1298 1994 1432 2065 condis·

306 2104 422 2175 bantur
440 2126 591 2198 expresse
624 2108 663 2176 ad
690 2104 938 2197 requisicionem
959 2118 990 2175 et
1013 2106 1054 2175 de
1078 2126 1233 2197 expresso
1262 2126 1426 2177 consensu

305 2215 447 2308 ipsorum
463 2217 594 2289 domine
611 2217 778 2290 comitisse
793 2232 824 2288 et
848 2232 1104 2309 procuratorum,
1124 2216 1246 2289 dictum
1267 2240 1325 2289 seu
1348 2218 1432 2290 arbi·

305 2330 399 2403 trium
419 2357 514 2405 suum
530 2337 660 2427 protuiit
673 2333 705 2404 in
727 2336 813 2404 bunc
833 2336 991 2405 modum:

348 2452 370 2519 tt
392 2461 464 2519 touz
480 2471 558 2519 ceos
577 2450 633 2541 qui
653 2462 782 2521 uerrunt
801 2461 907 2520 cestes
928 2461 1095 2539 presentes
1109 2449 1218 2538 ietres,
1238 2448 1429 2521 diedobaua

303 2560 349 2630 dit
374 2565 478 2651 durat,
510 2566 609 2646 ciero,
630 2566 725 2634 salut.
748 2566 899 2646 Sacirent,
921 2578 1008 2635 etc...
1023 2562 1105 2649 (Cb.
1122 2565 1274 2636 ccccxi!
1291 2586 1367 2637 auec
1384 2566 1430 2637 iss

303 2678 493 2769 comantes).

347 2792 472 2862 l’roiato
491 2805 598 2861 autom
614 2791 700 2860 dicto
720 2812 778 2861 seu
805 2792 938 2861 arbitrio
955 2790 1115 2882 predicto,
1138 2790 1305 2864 memorati
1325 2792 1427 2865 comi·

301 2901 378 2973 tissa
393 2916 425 2974 et
443 2902 594 2973 dominus
615 2905 803 2994 badulphus
823 2905 862 2972 de
893 2903 1097 2975 Cbenereriis
1116 2927 1155 2975 ac
1174 2902 1362 2977 Guiiieimus
1384 2906 1426 2977 ds

300 3017 468 3105 diagduno,
490 3029 712 3106 procuratores
725 3017 837 3085 decani
851 3028 883 3085 et
898 3014 1027 3106 capituli
1047 3018 1276 3107 predictorum,
1294 3039 1427 3111 presen-

300 3140 350 3196 tes
373 3150 433 3197 suo
449 3149 487 3197 ac
507 3126 726 3218 procuratorio
749 3127 880 3197 nomine
901 3125 1059 3218 predicto,
1091 3131 1248 3201 babentes
1268 3128 1353 3201 iuter
1371 3152 1426 3203 os-

301 3251 365 3308 tera
382 3251 572 3331 potestatem
585 3254 617 3309 et
637 3243 820 3309 mandatum
843 3239 1045 3325 ratiidcandi,
1061 3242 1238 3331 aprobaudi
1251 3256 1284 3313 et
1303 3245 1427 3315 emoio-

298 3353 395 3441 pandi
414 3355 582 3421 arbitrium
603 3374 660 3422 seu
679 3352 921 3423 ordinacionem
941 3354 1027 3444 quod
1049 3356 1095 3425 rei
1118 3376 1213 3444 quam
1231 3353 1337 3425 dictus
1357 3377 1425 3425 urs-

299 3463 399 3554 gister
413 3466 576 3535 doiraunes
598 3466 767 3535 arbitrator
785 3464 910 3534 duxerit
936 3467 1162 3556 proferendum
1190 3468 1239 3537 uei
1259 3468 1425 3558 profereu-

299 3579 385 3661 dam,
415 3578 535 3650 dictum
555 3593 587 3651 et
611 3578 847 3650 ordinationem
873 3578 1044 3671 predictas,
1068 3594 1161 3671 prout
1181 3578 1332 3673 superius
1347 3596 1424 3653 sunt

298 3717 461 3787 expresse,
489 3700 668 3781 uoluerunt,
694 3697 914 3780 laudaverunt,
940 3699 1196 3788 approbaverunt
1211 3710 1243 3769 et
1261 3700 1423 3789 emoioga·

298 3824 413 3881 verunt
431 3833 595 3901 expresse,
627 3827 659 3882 et
689 3808 904 3903 promiserunt
926 3810 1092 3895 bincinde,
1123 3824 1187 3882 mm
1211 3810 1295 3884 dicta
1319 3810 1421 3885 comi·

299 3923 376 3996 tissa
396 3949 491 4017 quam
520 3939 743 4018 procuratores
776 3925 910 4019 predicti
945 3923 1168 4017 procuratorio
1195 3926 1328 3999 nominc
1347 3948 1420 4021 prs·

297 4038 396 4127 dicto,
413 4040 572 4131 predictas
598 4040 719 4111 dictum
739 4055 771 4111 et
800 4038 1042 4112 ordinacionem
1074 4054 1197 4127 tenere,
1230 4063 1358 4115 serrare
1385 4052 1420 4115 ct

298 4154 475 4244 adimplere
488 4168 520 4225 et
544 4171 654 4239 contra
675 4154 830 4245 premissa
848 4168 903 4223 ant
922 4152 1027 4245 aliqua
1046 4158 1088 4226 dc
1108 4153 1326 4246 promississe
1341 4178 1419 4247 qus-

295 4290 434 4359 cumque
454 4268 583 4339 racione
608 4270 655 4338 uei
671 4290 768 4338 eausa
788 4266 820 4338 in
849 4282 1013 4360 posterum
1034 4290 1099 4339 non
1120 4282 1285 4343 uenturos.
1304 4275 1418 4343 dotum

292 4386 376 4475 apud
404 4384 584 4467 boloniam,
611 4386 743 4453 domum
773 4384 920 4473 ejusdem
938 4380 1119 4467 comitisse,
1141 4385 1175 4454 in
1199 4382 1324 4457 diocesi
1343 4388 1418 4457 Gar·

291 4498 435 4583 notensi,
453 4522 553 4583 anno,
575 4521 698 4583 mense,
714 4498 765 4569 die
780 4514 812 4569 et
829 4496 1005 4570 indictione
1027 4498 1194 4592 predictis,
1211 4500 1417 4593 presentibus

290 4638 352 4685 una
377 4638 452 4686 cum
472 4614 567 4685 dictis
583 4614 749 4684 comitissa
764 4627 797 4683 et
815 4618 1076 4704 procuratoribus
1096 4614 1251 4708 religioso
1266 4616 1333 4689 uiro
1353 4622 1416 4690 ira·

288 4742 336 4801 tre
357 4733 497 4822 Symone
517 4725 695 4818 diatonicis,
713 4728 754 4797 de
769 4728 883 4798 ordine
903 4730 1033 4797 fratrum
1058 4728 1228 4815 binorum,
1244 4740 1276 4801 ct
1290 4730 1414 4811 discre-
