3420 5490
760 720 941 784 -505-

289 856 340 912 tus
361 843 494 932 predicti
517 844 573 913 tibi
594 846 704 914 deberi
728 844 873 927 dicebas,
897 858 942 928 te,
963 847 1132 936 episcope,
1152 845 1349 916 contrarium
1370 847 1416 915 al-

290 960 448 1039 firmante,
466 959 591 1047 rptestio
613 961 804 1040 vertebatur,
826 982 888 1046 quc
909 959 993 1028 inter
1018 982 1074 1029 ros
1091 961 1280 1049 jamdudum
1300 970 1333 1028 et
1348 981 1418 1051 pre·

289 1075 478 1142 decessores
500 1088 622 1142 costros
636 1073 808 1162 episcopos
826 1086 858 1142 et
873 1075 1017 1142 decanos
1033 1071 1281 1144 durelianenses
1295 1071 1416 1143 diutius

290 1185 433 1252 noscitur
471 1184 569 1255 luisse
596 1184 744 1255 ventilata
774 1209 836 1255 non
858 1188 931 1256 sinc
950 1187 1104 1275 gravibus
1131 1187 1295 1256 laboribus
1315 1196 1347 1256 el
1366 1207 1417 1255 ex·

289 1297 399 1384 pensis
419 1311 450 1366 et
470 1296 699 1378 incommodis,
721 1311 784 1367 tam
801 1297 914 1367 vestris
935 1309 967 1368 et
985 1295 1127 1388 ipsorum
1150 1300 1414 1389 predecessorum

288 1432 382 1496 otram
400 1426 576 1480 vestrorum
597 1412 698 1481 eciam
720 1409 922 1481 subditorum
940 1434 1027 1494 cum,
1040 1411 1236 1482 otuctatitms
1255 1424 1287 1482 et
1301 1410 1412 1483 minis-

290 1523 346 1592 tris
366 1524 551 1594 alterutrius
570 1539 709 1595 restrum
726 1547 955 1614 nonuunquam
972 1524 1126 1595 officiales
1142 1538 1173 1595 et
1189 1523 1355 1596 ministros
1368 1529 1417 1596 al-

290 1637 389 1705 terius
414 1637 445 1706 in
470 1637 698 1727 jurisdictione
717 1638 858 1728 predicta
888 1638 1073 1726 exequenda
1101 1637 1267 1727 prevenire
1296 1661 1417 1709 conau-

291 1749 389 1835 tilrus‚
408 1753 514 1840 gravia
534 1753 697 1834 scandala,
719 1749 953 1835 dissensiones,
969 1748 1071 1820 eciam
1093 1749 1259 1820 lrominum
1286 1773 1419 1842 percus·

291 1867 401 1935 siones
424 1889 460 1934 ac
477 1864 636 1935 interdum
663 1863 902 1935 interlectiones
922 1866 998 1935 indo
1018 1864 1207 1955 prouenisse
1227 1879 1413 1951 noscantur,

265 1991 267 1997 '
291 1979 398 2047 studio
414 1993 542 2068 puroque
562 1982 755 2061 litterarum,
772 1981 856 2068 qtrod
871 1977 1053 2049 Aurelianis
1069 1976 1175 2068 rigere
1199 2003 1215 2048 a
1239 1979 1343 2070 longis
1362 2002 1414 2052 re·

294 2090 423 2161 troactis
451 2094 649 2182 tenrporilrus
680 2093 870 2183 generalitor
889 2094 1068 2173 consuerit,
1095 2093 1267 2164 occasione
1285 2107 1418 2164 conten·

292 2202 396 2272 ciunis
430 2206 612 2294 lmjusmodi
640 2229 694 2295 par
719 2229 813 2295 «puram
843 2204 954 2295 sepius
974 2207 1172 2285 diruebatur,
1191 2205 1417 2277 detrimentum

294 2341 356 2384 rron
379 2319 540 2386 modicum
554 2318 730 2401 innuissent,
744 2343 802 2388 nos
814 2319 836 2403 ¹,
853 2320 996 2389 solentes
1017 2317 1192 2407 predictam
1208 2317 1420 2390 Aurelianen-

293 2453 361 2498 senr
384 2431 553 2500 ecclesiam
580 2435 713 2522 ejusque
734 2434 917 2501 sulrditnsa
943 2430 1074 2522 prelatis
1094 2431 1309 2504 incommodis
1338 2435 1419 2504 relc-

297 2569 368 2614 mro
390 2545 568 2638 rostrisque
581 2572 710 2638 parcere
731 2546 892 2617 talorttms
910 2561 941 2618 et
961 2545 1123 2638 expensis,
1145 2559 1208 2618 taur
1228 2545 1421 2639 episcopalis

295 2661 381 2729 sodis
421 2663 661 2733 tlrrrclianeusis
705 2686 799 2752 quam
827 2661 903 2732 dicti
936 2664 1112 2732 decanatus
1140 2661 1274 2733 utilitate
1295 2685 1420 2733 necnon

293 2791 323 2844 et
341 2777 448 2865 ‹priete
469 2777 697 2847 sulrditorum²
719 2776 935 2866 predictorum
956 2777 1127 2865 diligenter
1147 2774 1300 2866 pensatis,
1320 2778 1359 2846 ad
1374 2790 1417 2846 ta·

294 2892 355 2955 lom
375 2889 647 2977 corrrposioinnem
661 2913 757 2979 super
774 2892 848 2970 hoc,
865 2888 891 2958 si
905 2903 1011 2959 tamen
1028 2888 1121 2959 nuliis
1135 2891 1287 2978 placeret,
1304 2889 1421 2960 amica·

295 3000 388 3069 lrilcm
418 3000 606 3084 (laverimus,
639 3002 785 3072 videlicet
810 3003 895 3091 qarod
919 3005 951 3069 in
981 3001 1241 3070 archidiaconatu
1275 2999 1453 3091 predicto·

296 3115 598 3205 ornnisjurisdictio
619 3116 759 3186 totaliter
776 3129 839 3184 tam
861 3115 893 3183 in
914 3114 1061 3185 civililrus
1081 3137 1175 3204 quam
1199 3113 1230 3184 in
1251 3111 1422 3183 criminali·

296 3231 355 3294 trus
386 3233 424 3296 ad
454 3245 497 3309 to,
531 3229 694 3320 episcope,
719 3243 855 3318 tuosque
880 3251 1089 3299 successores
1113 3241 1235 3297 tantum
1266 3240 1421 3319 perpetuo

295 3344 410 3411 ‹lotrent
432 3343 603 3433 portinere,
626 3366 685 3411 trec
706 3367 762 3432 per
783 3342 1021 3432 proscutionem
1043 3365 1102 3412 nec
1122 3344 1200 3411 alias
1215 3355 1261 3424 ιιι,
1282 3342 1416 3419 decane.

295 3478 331 3523 ac
360 3480 567 3526 srrccossores
592 3455 635 3524 tui
652 3479 707 3524 rios
725 3455 925 3545 alitprateuus
947 3457 986 3525 de
1003 3453 1228 3545 jurisdictione
1248 3451 1350 3545 ipsius
1366 3476 1420 3526 ec·

295 3574 394 3640 rlrsie
416 3571 649 3640 Aurelianensis
665 3584 695 3637 ot
711 3567 840 3638 claustri
854 3570 1012 3658 ejusdem,
1033 3591 1096 3658 que
1122 3590 1177 3659 per
1194 3571 1256 3639 troc
1279 3565 1310 3637 in
1333 3568 1421 3638 nullo

296 3695 436 3753 mdtrtur
467 3687 522 3753 sed
555 3697 716 3752 rcuranoat
742 3683 773 3750 in
801 3681 937 3772 pristinu
969 3694 1068 3761 statu,
1092 3693 1124 3751 el
1147 3682 1231 3771 quod
1260 3694 1309 3763 tu,
1335 3678 1421 3772 epis·

296 3822 388 3887 copo.
417 3813 448 3866 ot
470 3820 676 3867 successoros
697 3796 741 3865 tui
770 3794 838 3879 out,
865 3798 1000 3878 slasane,
1020 3795 1148 3885 turisque
1174 3793 1421 3866 successoribus

296 3912 459 3981 culturas
492 3910 713 3982 turonensium
733 3933 900 4002 parvorum
920 3909 1097 3989 annuatim,
1119 3907 1256 3999 singuiis
1271 3907 1422 3981 videlicet

297 4027 462 4095 iriensibus
480 4050 535 4115 pro
561 4025 653 4115 rrpuis
681 4024 901 4114 porcionibus,
916 4023 1086 4095 teneamini
1109 4025 1233 4095 solvere
1249 4021 1280 4092 in
1296 4044 1422 4093 recum-

298 4139 523 4230 pensacioncm
547 4138 775 4208 olneutionum
797 4138 1100 4229 temporaliumque
1124 4136 1196 4219 tibi,
1222 4137 1365 4219 decane„
1379 4159 1418 4209 ac

298 4254 375 4344 ipsis
409 4253 471 4321 tuis
498 4254 744 4322 successoribus
773 4276 810 4322 cr
838 4254 981 4341 predicta
1013 4249 1238 4340 jurisdictione
1274 4262 1422 4341 poterant

332 4640 339 4673 ¹
364 4640 460 4696 littero
476 4640 524 4693 des
537 4639 704 4692 cardiacus
715 4640 813 4710 ajoute
826 4653 832 4692 ε
845 4637 944 4709 prelati
955 4637 1103 4708 opiscopus
1113 4641 1141 4694 et
1150 4637 1273 4693 decanus
1282 4634 1418 4692 valenles.

332 4730 342 4758 '
577 4757 608 4768 -—
826 4745 833 4779 :
850 4744 881 4781 ac
895 4725 978 4781 studii
991 4726 1116 4796 predicti.
