3420 5490
744 646 922 718 -etn-

270 778 355 867 dnm,
378 779 568 851 venerabitis
586 783 682 851 trater
697 795 806 853 noster
826 780 1028 863 duittetrnus,
1049 779 1290 853 Aurelianensis
1308 782 1396 875 epis-

269 914 384 985 eopus,
418 891 468 985 pie
506 916 543 965 ae
576 896 750 986 prudenter
786 895 998 965 considerans
1029 894 1115 985 sptrod
1147 916 1205 987 per
1238 908 1395 967 statutum

269 1006 374 1097 ipsum
391 1004 424 1075 in
449 1006 533 1077 dieta
562 1009 702 1077 eeetesia
729 1010 835 1077 euttus
854 1004 952 1077 diuini
971 1004 1114 1078 uerninis
1134 1030 1198 1077 nnn
1231 1009 1396 1079 modinum

267 1119 450 1208 ampliatur,
471 1121 631 1207 quandam
653 1121 849 1209 prebendam
868 1118 901 1188 iu
924 1133 1132 1208 augmentum
1157 1118 1396 1191 distributionis

266 1228 382 1319 ipsius,
401 1241 507 1299 vestre
526 1227 614 1298 adid
633 1232 808 1299 accedente
824 1251 1000 1315 consensu,
1018 1228 1194 1299 liberaliter
1213 1230 1395 1320 deputarit,

267 1352 361 1429 preut
379 1338 411 1409 in
432 1342 537 1430 ipsius
563 1340 676 1410 titteris
706 1339 782 1410 iude
815 1339 973 1411 contentis
1000 1338 1119 1410 dicitur
1138 1338 1266 1431 plenius
1285 1341 1395 1411 eunti·

268 1450 348 1522 neri.
370 1452 492 1523 Vestris
512 1450 608 1542 igitur
632 1450 840 1543 petitionibus
865 1450 1039 1543 benignum
1053 1450 1275 1543 impertientes
1300 1452 1394 1523 audi·

266 1578 347 1649 turn,
368 1568 454 1655 quod
475 1588 530 1656 per
550 1589 606 1636 uns
629 1580 661 1636 et
687 1568 839 1637 eumdem
855 1565 1043 1658 episcopum
1057 1564 1188 1657 preside
1203 1567 1323 1637 tautum
1341 1580 1395 1639 est

266 1677 378 1746 iubae
405 1692 493 1767 parte
517 1676 707 1748 auctoritate
737 1678 912 1769 apostoliea
932 1684 1161 1748 continuamus
1179 1690 1213 1748 et
1225 1680 1390 1768 presentis

265 1789 375 1881 scripti
405 1788 582 1880 patrocinio
615 1790 865 1862 communimus.
908 1792 992 1862 rtutti
1022 1813 1112 1882 ergo,
1132 1801 1219 1861 ete...
1256 1790 1289 1861 Si
1318 1790 1394 1883 quis

264 1918 386 1990 autem,
405 1918 491 1975 ete...
512 1908 628 1978 batum
647 1903 807 1996 Lugduni,
827 1908 864 1978 Vl
884 1906 1039 1976 kalendas
1061 1904 1204 1995 augusti,
1223 1906 1394 1996 pentibus·

265 2033 317 2089 tus
336 2016 438 2089 uestri
452 2040 537 2089 auno
558 2016 665 2090 tertio.

746 2378 911 2439 ccuxttVt

685 2676 867 2741 Decembre
892 2676 972 2741 tuta

264 2928 404 3001 Geodrup,
417 2928 534 2984 rieumte
548 2926 584 2983 de
601 2928 798 2999 deteaudun,
813 2927 950 2985 eunbrsue
963 2928 990 2983 ta
1013 2934 1095 2985 rents
1117 2929 1184 2987 taits
1200 2946 1239 2987 su
1258 2930 1388 3005 ebapitrs

299 3043 350 3098 par
363 3024 471 3081 Hubert
480 3024 516 3079 de
531 3024 690 3080 l'brenvitte
704 3024 740 3079 de
754 3026 876 3081 retusius
890 3025 979 3080 dreits
993 3041 1043 3080 sur
1055 3024 1097 3081 iss
1109 3024 1193 3081 bbtes
1203 3024 1243 3083 du
1262 3026 1391 3101 ebupitru

297 3123 315 3177 d
329 3122 486 3194 Vittsquep.

263 3266 351 3337 (Oria.
366 3283 390 3321 s.
406 3266 503 3338 purch.
529 3266 616 3322 Areb.
641 3263 680 3320 du
707 3266 813 3331 lubet,
835 3265 869 3320 G.
893 3266 957 3322 377.
982 3294 1015 3305 -
1036 3264 1118 3337 (an.
1139 3266 1201 3323 nin.
1225 3268 1301 3335 ttae,
1316 3268 1390 3325 cett.

430 3362 554 3427 Merene,
567 3376 596 3428 p.
614 3358 681 3414 ten:
698 3360 764 3430 235,
776 3359 888 3430 d’apres
902 3359 930 3414 ts
948 3358 1050 3415 eertut.
1064 3359 1089 3413 b
1102 3358 1156 3415 teu
1171 3362 1223 3429 r·.)

308 3593 468 3664 Omnibus
499 3592 811 3684 presentesiitteras
837 3590 1031 3685 inspecturis
1057 3594 1242 3681 Gautridus,
1262 3592 1391 3669 rieeeu·

262 3733 332 3780 mes
349 3706 542 3792 Castriduni,
570 3710 707 3779 satutem
734 3706 766 3778 in
786 3705 937 3782 bomine.
958 3705 1108 3779 Norerint
1132 3706 1271 3781 uniuersi
1301 3712 1390 3801 quud

262 3848 336 3895 eum
354 3826 512 3895 liebertus
539 3825 578 3895 de
604 3822 838 3913 Espeseuvida,
869 3820 1020 3914 armiger,
1041 3820 1220 3895 vendiderit
1238 3836 1270 3895 et
1289 3824 1390 3897 tradi·

262 3940 343 4011 derit
364 3961 421 4031 pro
452 3952 582 4008 centurn
604 3950 635 4006 et
661 3938 873 4027 ‹prtadragiuta
903 3933 992 4006 tibris
1018 3934 1245 4029 parisiensium
1261 3938 1389 4011 deeauu

262 4068 293 4125 et
314 4052 454 4145 capituto
475 4048 693 4122 duretianensi
709 4047 869 4120 redditum
884 4072 981 4139 quem
1003 4051 1143 4121 babebat
1159 4072 1257 4141 snper
1275 4050 1390 4145 buspi-

262 4182 310 4238 tes
326 4165 485 4237 dicturum
507 4164 620 4235 decani
641 4176 674 4234 et
686 4162 816 4255 eapituti
843 4166 882 4233 de
903 4160 1070 4253 vtttagattt
1103 4162 1230 4235 seitieet
1243 4162 1277 4235 in
1296 4186 1389 4239 em-

259 4279 443 4370 tinu...(eb.
453 4280 618 4348 CCbXXtX
632 4278 654 4347 Ι.
674 4278 720 4367 b).
731 4330 753 4347 ..
764 4298 882 4367 panum
897 4290 928 4346 et
942 4272 1066 4346 dimidii
1077 4298 1152 4347 eum
1164 4274 1252 4347 emni
1264 4278 1341 4367 jure
1354 4292 1389 4351 et

255 4396 385 4486 justieia
406 4418 470 4485 que
507 4395 614 4463 dietus
646 4394 805 4463 liebertus
840 4394 978 4462 babebat
1013 4390 1045 4461 iu
1062 4394 1160 4463 rebus
1172 4392 1387 4485 supradietis,

257 4509 330 4600 quia
346 4509 489 4600 predicte
509 4530 561 4577 res
580 4508 619 4577 ad
632 4508 761 4579 tendum
777 4528 884 4575 meum
898 4519 1011 4595 quarte
1026 4506 1098 4575 iueu
1111 4519 1146 4577 et
1163 4506 1204 4577 nd
1218 4506 1387 4579 barnuinus

256 4638 288 4693 et
310 4622 522 4695 hereditatem
562 4641 667 4693 meum
688 4618 850 4709 pertinere
881 4616 1108 4703 diuuseuutur,
1128 4619 1170 4691 ad
1187 4616 1386 4711 penetras·
