3420 5490
760 616 940 683 -tot-

291 747 525 832 commendari,
570 745 665 838 sigilli
712 744 811 817 nostri
859 744 1049 816 auctoritate
1084 744 1214 829 muniri,
1248 742 1415 838 nostrique

287 861 432 934 nominis
468 859 736 951 subterinscripto
770 872 932 930 caractere
968 858 1167 931 corroborari
1195 858 1413 953 precepimus,

287 990 320 1049 et
338 1001 414 1067 erga
435 975 622 1058 canonicos,
643 987 788 1066 utsupra
811 975 933 1044 dietum
958 988 1021 1058 est,
1043 973 1076 1044 in
1094 997 1189 1045 mann
1207 974 1366 1066 cepimus.

332 1095 445 1162 llctum
466 1089 593 1182 publice
624 1088 813 1169 Aurelianis,
849 1112 934 1160 anno
965 1091 1006 1158 ab
1033 1087 1253 1160 incarnatione
1285 1089 1413 1160 Domini

288 1209 428 1287 uexat,
455 1202 544 1295 regui
571 1228 644 1275 vero
665 1203 764 1274 nostri
794 1206 887 1274 Vllll.
910 1201 1096 1273 nstantibus
1117 1201 1149 1271 in
1170 1206 1287 1294 palatio
1302 1216 1414 1275 nostro

288 1344 424 1412 purorum
437 1320 565 1390 nomina
578 1317 762 1391 subtitulata
776 1331 851 1391 sunt
871 1331 903 1390 et
917 1317 1020 1410 signa.
1031 1323 1065 1388 S.
1076 1317 1414 1390 nudnttviromamto-

288 1460 358 1507 rurn
377 1432 666 1524 comitis‚rlnpileri
687 1431 801 1504 nostri.
817 1437 850 1504 S.
867 1431 1021 1504 Willelmi
1040 1431 1235 1504 buticularii.
1257 1431 1413 1504 S.llatlrei

287 1548 464 1623 camerarii.
487 1553 520 1620 S.
543 1548 654 1621 llatlrci
675 1546 915 1619 constabularii.

332 1667 410 1734 Data
432 1685 488 1754 per
508 1685 637 1733 manum
652 1661 785 1732 Cadurci
799 1661 996 1733 cancellarii.

833 2075 869 2136 Η

518 2349 669 2425 Orlunns,
685 2349 732 2431 [31
752 2366 841 2411 rnnrs
859 2347 875 2411 'n
890 2348 931 2411 et
945 2350 1091 2430 octobre]
1107 2350 1184 2413 tttit

291 2650 376 2708 Lnuis
391 2650 441 2704 Vll
456 2649 532 2719 reple
546 2649 587 2704 les
602 2647 690 2704 droils
704 2664 808 2719 ropnux
822 2664 872 2702 sur
886 2648 911 2703 le
924 2647 1054 2703 mobilior
1068 2647 1118 2703 des
1133 2648 1252 2719 erequec
1268 2647 1415 2704 rl’Orlenns

324 2745 441 2803 decedes
456 2749 484 2799 et
498 2749 605 2816 promel
617 2745 701 2816 qu'en
712 2749 802 2815 temps
813 2743 849 2799 de
864 2743 956 2815 regale
967 2744 986 2799 ll
998 2760 1033 2799 ne
1045 2761 1107 2799 sera
1121 2760 1207 2816 percu
1222 2745 1327 2816 qu’une
1339 2744 1415 2800 tuille

324 2861 380 2900 non
395 2842 560 2915 superieure
575 2843 590 2896 l
602 2843 726 2897 soixante
739 2841 835 2896 liures.

293 3056 387 3128 (llrclr.
406 3060 482 3127 Nat,
498 3058 523 3112 l.
542 3056 611 3114 l70:
631 3073 665 3113 n⁰
679 3058 714 3113 ot
727 3079 734 3114 r
749 3059 829 3130 copie
843 3060 1045 3132 authenthue3
1064 3093 1099 3103 -
1121 3061 1182 3118 trit.
1207 3067 1266 3119 nat.
1290 3080 1343 3119 ms.
1367 3063 1414 3120 lul.

522 3154 612 3210 utro:
630 3155 738 3229 Mll33
756 3185 790 3197 -
809 3156 894 3228 Cupie
906 3157 941 3213 de
956 3157 1068 3228 llnluze,
1082 3174 1110 3229 p.
1126 3159 1185 3229 63.)

464 3329 548 3399 (Pub.
577 3329 671 3385 Gellio
693 3329 863 3394 christinus,
889 3335 907 3386 l.
935 3331 1011 3400 llll,
1034 3331 1088 3386 col.
1107 3331 1247 3401 ote-514).

340 3590 521 3662 innomine
545 3601 664 3660 sanctu
693 3600 725 3661 et
748 3587 918 3660 individuus
942 3589 1120 3673 Trinitatis,
1141 3589 1333 3671 Ludorieus,
1358 3589 1417 3662 Dei

297 3703 395 3795 gratia
423 3727 475 3773 rex
502 3706 708 3784 Francorum,
742 3703 893 3772 omnibus
913 3702 944 3772 in
969 3716 1171 3794 perpetuum.
1204 3701 1305 3773 Niclril
1326 3726 1418 3793 mque

297 3840 446 3906 magnum
466 3827 520 3885 ant
535 3814 710 3905 gloriosum
731 3814 856 3905 operari
871 3814 1012 3885 creditur
1027 3811 1169 3885 liberalis
1181 3814 1418 3905 magnificentia

296 3954 420 4020 regum,
440 3952 537 4020 quum
554 3940 588 3997 nt
607 3927 817 4000 ecclesiarum
833 3928 1010 3999 libertatem
1026 3927 1152 4020 pietatis
1166 3929 1272 4000 studio
1290 3951 1418 4020 semper

296 4043 589 4133 intendataugere,
628 4056 661 4112 et
680 4041 807 4112 molitas
828 4042 1093 4126 eonsuetudines,
1127 4066 1207 4133 quas
1235 4044 1274 4112 ad
1308 4065 1417 4114 earum

298 4179 466 4243 gravamen
488 4154 706 4246 possessionis
726 4179 804 4225 usus
825 4154 856 4225 in
886 4170 1029 4226 tenorem
1047 4156 1129 4245 juris
1152 4155 1292 4236 arltlurit,
1323 4157 1419 4226 ratio·

299 4269 393 4339 nalrili
414 4269 611 4360 prouidentia
625 4272 775 4338 relaxare.
799 4271 896 4357 Cujus
915 4267 958 4338 rci
979 4269 1079 4357 gratia
1093 4268 1295 4339 rliloctissimi
1318 4272 1418 4341 nostri

298 4389 450 4467 narrasse,
484 4382 673 4452 venerabilis
710 4380 947 4452 Aurelianensis
977 4384 1137 4474 episcopi,
1180 4381 1241 4472 pim
1272 4383 1419 4475 petitioni

296 4496 401 4569 delrita
433 4494 628 4587 benignitate
649 4511 773 4587 gratnm
799 4494 1020 4587 impertientes
1054 4519 1239 4581 assensum,
1266 4496 1418 4589 quoniam

299 4638 334 4686 ex
355 4612 489 4686 interme
503 4610 684 4685 dilectionis
698 4615 813 4686 allectu
834 4611 1003 4686 ecclesiam
1019 4612 1278 4687 llurelianensem
1292 4638 1421 4709 semper
