3420 5490
766 753 804 765 -
826 718 885 780 bib

290 846 516 939 parisiensium
541 846 601 937 ipsi
621 845 762 936 capitulo
778 847 825 915 rel
846 847 916 935 ejus
940 849 1091 915 mandato
1118 843 1240 934 tenenti
1259 843 1421 917 decimam

289 982 379 1030 suam
400 963 440 1030 de
461 957 643 1029 Villermain
673 958 705 1027 iu
726 955 867 1028 erastino
894 956 1047 1028 Omnium
1075 959 1265 1029 Sanctorum
1295 980 1312 1028 a
1332 958 1421 1030 dicto

290 1073 457 1142 Guillelmu
475 1084 507 1141 et
520 1073 590 1161 ejus
610 1069 782 1140 heredibus
813 1067 978 1140 annuatim
1007 1071 1267 1154 reddendorum
1286 1083 1319 1141 et
1338 1069 1418 1142 inui-

290 1185 354 1276 piet
385 1187 487 1275 prima
524 1185 642 1253 solutio
669 1181 746 1253 dieti
780 1204 899 1253 census
931 1185 966 1252 in
993 1182 1133 1254 erastino
1162 1181 1236 1254 sesti
1263 1186 1419 1255 Omnium

289 1302 478 1368 Sanctorum
496 1297 581 1388 qinon
598 1294 658 1366 erit
676 1318 762 1366 anuo
778 1292 908 1367 Domini
927 1298 1107 1367 ucctxxx
1130 1309 1243 1368 octavo
1262 1321 1271 1380 ;
1290 1319 1331 1369 eu
1345 1309 1419 1369 acto

287 1418 372 1504 quud
393 1412 498 1484 diutius
513 1411 706 1482 (luillermus
727 1422 854 1482 tenetur
883 1423 914 1482 et
942 1409 1091 1503 promisit
1115 1434 1171 1504 per
1201 1414 1297 1484 bilem
1326 1435 1419 1484 suam

288 1527 435 1599 etlilicare
457 1526 487 1597 in
512 1527 597 1597 ‹liutu
617 1539 699 1598 terra
720 1529 801 1597 inlra
821 1525 996 1598 triennium
1013 1549 1110 1598 unam
1140 1527 1273 1600 domum
1304 1528 1343 1598 aul
1366 1550 1419 1599 ra·

289 1647 388 1715 lurem
409 1646 521 1715 decem
542 1645 696 1713 librarum
718 1640 960 1734 parisiensium,
973 1644 1043 1714 suis
1057 1641 1243 1733 sumptibus
1260 1656 1293 1714 et
1303 1665 1420 1734 erpen-

288 1762 349 1841 sis,
367 1772 398 1829 et
413 1757 530 1828 dietam
552 1759 682 1828 domum
703 1779 776 1827 eum
804 1759 887 1827 laeta
907 1755 1003 1828 luerit
1022 1755 1055 1826 in
1082 1759 1168 1828 buno
1187 1769 1273 1828 statu
1306 1770 1419 1830 tenere

289 1884 321 1943 et
335 1872 454 1942 dictum
474 1894 607 1943 censum
622 1873 747 1942 soluere
761 1884 854 1961 pruut
870 1868 1018 1963 superius
1033 1882 1082 1942 est
1096 1879 1297 1962 expressum.
1317 1875 1419 1944 Tene·

290 1986 375 2056 bitur
389 1988 485 2056 etiam
506 1988 628 2056 soluere
648 1987 732 2055 idem
759 1984 948 2056 Guillelmus
968 1998 1033 2056 tres
1048 1983 1170 2056 solidus
1188 1983 1417 2077 parisiensium

290 2123 347 2190 pru
364 2099 507 2189 quolibet
523 2100 663 2170 rlelleutu
680 2098 757 2168 dicti
778 2121 896 2169 census
917 2121 974 2189 pru
997 2100 1148 2172 emenda.
1172 2102 1220 2171 De
1239 2121 1300 2190 qua
1320 2101 1419 2172 domu

290 2213 480 2294 edificanda,
500 2221 534 2280 ut
554 2213 676 2282 (lictum
706 2224 768 2290 est,
797 2212 919 2282 Giletus
951 2211 1056 2282 ‹lirtus
1088 2210 1319 2284 Grantmarrier
1333 2211 1358 2295 ¹,
1386 2225 1420 2284 et

288 2329 451 2394 lebannes
473 2328 596 2395 lluuaut
616 2346 723 2395 euram
739 2322 832 2394 nubis
848 2321 879 2393 in
897 2325 968 2414 jure
987 2327 1225 2396 constituerunt
1240 2348 1276 2397 se
1291 2327 1419 2416 llrlejus·

289 2461 381 2508 sures
401 2461 457 2528 per
475 2440 569 2508 ulem
584 2460 674 2509 suam
691 2437 825 2529 quilibet
845 2437 876 2507 in
902 2437 1042 2513 solidum
1059 2462 1116 2530 pru
1135 2440 1226 2511 dictu
1243 2437 1418 2512 Guillermu

289 2553 374 2622 etad
394 2554 464 2640 ejus
483 2549 724 2642 requisitionem
745 2573 819 2641 erga
835 2549 1010 2640 capitulum
1030 2565 1256 2622 memoratum.
1281 2554 1319 2622 tu
1337 2549 1420 2623 obli·

288 2678 456 2752 pererrent,
475 2674 561 2734 ete...
590 2662 841 2745 llenunriantes‚
860 2673 948 2734 ete...
975 2667 1009 2733 lu
1029 2666 1122 2754 cujus
1135 2664 1180 2736 rei
1195 2663 1418 2736 testimonium

288 2776 492 2866 presentibus
515 2779 632 2848 litteris
661 2775 801 2866 sigilium
825 2775 1063 2848 Aurelianensis
1083 2777 1171 2849 eurie
1192 2779 1343 2849 duximus
1361 2799 1417 2870 ap·

288 2893 486 2978 ponendum.
504 2894 619 2961 [latum
645 2912 730 2960 annu
760 2889 890 2960 Domini
925 2893 1003 2961 MCC
1037 2892 1239 2982 octogesimo
1263 2889 1416 2982 septimo,

289 3002 340 3071 ulie
365 3006 439 3074 lune
450 3017 521 3087 pust
543 3008 660 3074 lustum
682 3001 764 3074 beati
784 3003 996 3075 llartbulomei
1017 3006 1167 3095 apostoli.

333 3123 399 3191 Sur
415 3123 443 3191 lu
461 3125 563 3213 repli:
587 3121 700 3191 llubrin

290 4599 410 4607 ’.4-

324 4735 332 4770 ¹
355 4736 472 4794 blurrier
488 4757 521 4787 :
541 4734 732 4795 Lnbuureurl
748 4736 773 4791 lu
784 4735 858 4812 pelle
872 4738 999 4806 (marre).
