3420 5490
763 709 942 786 -t'rt-

288 844 427 922 siasticis
453 851 630 921 bonoribus
659 862 899 942 promoventur,
929 861 960 921 et
980 849 1134 943 ampliora
1152 850 1292 923 ecciesie
1310 850 1416 945 perci·

289 963 414 1057 pientes
433 961 605 1056 stipendia,
633 965 672 1035 ab
703 965 858 1034 uberibus
886 964 956 1054 ejus
987 962 1162 1053 benignius
1188 966 1415 1039 confoventur.

288 1079 353 1147 ltac
380 1074 476 1167 igitur
501 1066 761 1147 consideratione
792 1075 955 1159 inductus,
980 1078 1045 1165 Ego
1069 1078 1242 1147 iterbertus
1271 1078 1418 1149 duredia-

288 1185 401 1258 nensis
421 1186 668 1258 archidiaconus
683 1185 802 1257 noticie
819 1184 1017 1279 presentium
1030 1201 1062 1256 et
1078 1190 1256 1258 tuturoruru
1273 1187 1418 1279 presenti

288 1299 408 1389 scripio
438 1295 684 1369 transmittimus
713 1298 798 1389 quod
835 1284 1005 1369 ecciesiam
1038 1298 1079 1368 do
1117 1297 1288 1381 Cbitlcriis,
1316 1322 1415 1391 quam

290 1409 479 1482 venerabilis
500 1410 742 1482 Aurelianensis
760 1408 934 1502 episcopus
954 1410 1139 1503 blanasses}
1158 1412 1198 1482 de
1216 1434 1311 1482 manu
1337 1410 1417 1483 isica

288 1547 362 1594 cum
393 1547 519 1594 summa
550 1521 737 1595 diiticubate
774 1520 914 1606 retraxit,
943 1536 976 1594 et
1006 1520 1146 1615 capituto
1167 1528 1283 1594 Sancte
1302 1523 1418 1597 Crucis

291 1639 436 1721 donarit,
470 1636 645 1728 capitutum
673 1659 842 1708 ueroeam
878 1634 1003 1726 liuponi
1034 1638 1157 1708 decano
1186 1650 1218 1708 et
1244 1638 1414 1731 ddaprasscl

290 1746 450 1841 capicerio
470 1749 557 1819 tratri
586 1752 656 1841 ejus
687 1749 718 1819 in
746 1747 805 1820 rita
837 1772 894 1820 sua
925 1748 1076 1839 quamdiu
1101 1762 1234 1841 uterque
1260 1753 1308 1820 vet
1337 1752 1419 1821 atter

289 1885 401 1934 eorum
423 1858 533 1933 viserit
554 1860 782 1955 possidendam
803 1864 980 1948 concessit,
997 1886 1057 1932 uos
1077 1864 1223 1933 eamdem
1240 1860 1414 1935 ecclesiam

290 1975 399 2046 domui
430 1978 469 2048 de
501 1975 648 2049 Gerrusia
670 1975 839 2070 perutidcm
864 1999 937 2049 esse
953 1974 1198 2048 considerantes
1228 2000 1285 2068 pro
1303 1974 1413 2049 anirne

291 2100 399 2159 nostre
415 2103 447 2158 et
466 2090 622 2159 lobannis
644 2088 757 2159 decani
774 2092 857 2160 bone
876 2089 1031 2160 memorie
1051 2089 1180 2178 cognati
1195 2088 1295 2159 nostri
1316 2111 1419 2160 reme·

291 2199 345 2270 dio
374 2200 405 2270 in
436 2214 624 2293 perpetuum
646 2201 784 2273 ecclesie
799 2207 916 2273 Sancte
936 2202 1047 2272 Crucis
1066 2203 1244 2271 habendam
1265 2202 1416 2273 concedi·

292 2334 379 2396 mus,
399 2327 429 2383 ct
450 2314 661 2383 donationem
676 2317 715 2383 ab
734 2312 887 2404 episcopo
908 2318 1022 2384 tactam
1045 2317 1191 2383 volumus
1210 2327 1241 2383 et
1259 2316 1419 2404 approba·

294 2447 379 2505 mus,
395 2439 427 2496 et
446 2428 593 2496 eamdent
613 2425 784 2496 ecelesiam
809 2426 941 2498 liberam
962 2440 994 2497 et
1008 2428 1188 2496 absolutam
1208 2450 1225 2495 a
1245 2426 1363 2497 sinodo
1381 2440 1416 2497 et

293 2537 421 2605 circada
452 2549 484 2606 et
512 2549 574 2606 tam
607 2536 888 2628 parrocbiaoorum
911 2559 1006 2627 quam
1036 2535 1213 2606 sacerdotis
1233 2534 1363 2625 iusticia
1383 2549 1417 2607 et

292 2646 380 2717 omni
400 2648 617 2719 archidiaconi
648 2651 884 2720 cousuetudine
903 2662 935 2719 et
964 2647 1129 2720 exactione
1162 2645 1327 2717 inmunem
1347 2660 1414 2719 sta·

291 2759 410 2833 tuimus
429 2774 460 2833 et
480 2759 585 2853 sipibo
618 2775 727 2834 nostro
758 2764 956 2834 roboramus.
992 2768 1104 2832 dotum
1130 2783 1229 2833 anno
1259 2758 1416 2833 incarnati

291 2876 386 2950 Verbi
402 2872 440 2947 tr·
463 2878 497 2947 C·
520 2880 593 2947 LXX
613 2878 681 2951 vt.

724 3576 876 3647 Orle'uns,
892 3578 970 3638 ΗΠ

290 3846 421 3901 Muintien
436 3846 471 3902 dc
484 3845 589 3918 d'dgbse
599 3845 634 3901 de
650 3845 676 3900 iu
691 3846 887 3902 Fertedvruin
900 3861 1009 3901 comme
1024 3845 1175 3916 cottegtute,
1191 3862 1227 3903 eo
1239 3847 1365 3919 debeone
1377 3845 1413 3903 dc

495 3960 540 3999 ses
554 3942 642 3999 droite
657 3959 706 3998 sur
720 3941 826 4013 l'dpiise
840 3942 876 3998 de
890 3942 1205 4014 Nouup-surdtuurroo.

387 4116 459 4184 (idib.
475 4115 511 4171 de
522 4116 670 4181 l'brscuab
688 4131 740 4170 ms.
756 4112 846 4169 tuor:
861 4114 907 4169 ot.
921 4113 1006 4186 (inpio
1020 4113 1055 4169 do
1071 4114 1140 4169 tto·
1157 4114 1325 4185 Estieuuot).

336 4362 368 4430 tu
389 4357 519 4428 nornine
534 4372 645 4428 sancte
664 4372 696 4428 et
716 4355 878 4426 individue
898 4354 1074 4426 Trinitatis.
1093 4361 1205 4427 butten.
1227 4360 1268 4427 iia
1288 4358 1411 4449 quoad

291 4496 400 4564 pacem
420 4480 497 4542 surtt
525 4471 556 4540 iu
578 4484 753 4562 corrspcctu
775 4468 989 4561 legitimarum
1012 4484 1043 4540 ct
1065 4472 1271 4540 drorrcsturum
1304 4492 1415 4563 porso-

292 4609 403 4655 uarum
422 4586 596 4655 litterarum
629 4583 709 4653 tradi
733 4586 849 4654 decent
866 4581 1022 4653 vivacitati
1051 4606 1092 4653 ue
1116 4585 1334 4673 inposterum
1361 4606 1414 4655 ra·

289 4701 354 4768 icat
394 4718 492 4788 super
524 4686 564 4766 iis
596 4690 756 4766 calumnia
794 4692 954 4765 suscitari.
989 4694 1087 4784 Cujus
1132 4692 1178 4765 rei
1218 4694 1320 4785 pratia
1352 4716 1414 4783 epo
