3420 5490
765 728 881 790 -tet
909 763 943 776 -

288 862 384 933 otiam
401 859 552 951 quiequid
566 871 686 941 aetum,
709 861 841 942 lactum,
856 869 1061 948 procuratum
1087 858 1146 927 lull
1175 878 1284 928 coram
1318 853 1415 925 dietis

288 976 417 1045 arbitris
433 996 488 1065 pro
507 972 600 1044 nobis
619 994 676 1043 seu
691 983 801 1042 eontra
820 991 882 1042 nos
901 967 932 1039 in
949 967 1101 1063 predictis
1114 966 1222 1041 causis
1236 989 1292 1060 per
1306 964 1414 1038 dictos

289 1103 513 1181 procuratores
529 1090 575 1158 vel
596 1089 801 1179 peralterum
824 1086 1013 1159 eorumdem
1026 1107 1084 1157 seu
1102 1106 1159 1176 per
1183 1081 1267 1154 alios
1298 1103 1416 1173 procu-

288 1216 411 1274 ratores
426 1214 566 1285 nostros,
583 1214 614 1273 et
628 1205 691 1273 hoe
707 1203 861 1272 omnibus
873 1222 1010 1292 quorum
1027 1197 1162 1270 interest
1174 1196 1342 1286 signamus
1359 1215 1416 1286 per

289 1330 458 1412 presentes
474 1315 595 1387 litteras
628 1320 689 1388 sub
721 1315 827 1408 sigillo
854 1327 966 1387 nostro
989 1312 1157 1406 sigillatas.
1184 1315 1299 1382 Datum
1326 1331 1415 1380 auno

289 1432 416 1505 Domini
437 1434 564 1502 dcclx
586 1431 697 1516 tercio,
719 1430 771 1505 die
789 1435 862 1505 lune
882 1445 954 1525 post
969 1427 1165 1503 dominicam
1185 1449 1247 1518 qua
1268 1437 1415 1497 cantatur

290 1550 385 1621 Oculi
398 1550 473 1629 mei,
496 1569 608 1619 mense
628 1547 744 1622 tnartii.

784 1873 923 1934 cccxtx

749 2153 789 2216 26
800 2153 864 2216 tttai
879 2153 955 2216 llltt

290 2384 418 2439 Vidimus
450 2401 499 2458 par
530 2384 555 2438 le
578 2384 702 2455 elrapilre
726 2382 760 2437 de
789 2384 915 2454 Ilourges
942 2384 992 2439 des
1020 2383 1215 2440 ordonnanees
1247 2384 1355 2456 rogales
1380 2382 1416 2438 de

326 2500 399 2537 mnrs
418 2482 495 2553 teto,
512 2481 663 2537 autorisanl
681 2481 720 2535 les
735 2479 844 2553 latqucs
859 2481 1054 2554 propr-ietnlres
1073 2481 1109 2538 de
1130 2481 1253 2537 dlmesl
1276 2479 1418 2537 lescdder

326 2597 379 2636 aur
396 2581 496 2651 dglises
514 2597 579 2635 suns
594 2579 777 2634 autorisatien
793 2579 830 2634 du
845 2579 887 2634 roi
902 2596 938 2635 ou
955 2580 990 2634 de
1005 2596 1049 2635 ses
1062 2595 1253 2636 successeurs.

289 2728 394 2796 (Cople.
413 2726 485 2781 utut.
501 2727 564 2781 Nol.
582 2728 707 2791 lloreau,
723 2724 775 2780 tul
792 2725 883 2793 :133;
906 2727 1000 2780 «Tire
1018 2726 1054 2780 du
1071 2726 1173 2782 earlul.
1200 2725 1234 2780 dc
1257 2723 1364 2795 l'dgllse
1383 2722 1419 2779 tle

324 2823 510 2879 Salute-croix
526 2823 682 2891 dor-lenm,
701 2823 748 2877 lol.
762 2823 797 2878 et
818 2835 858 2877 νο.
876 2840 889 2875 s
904 2824 1014 2894 Europe
1030 2840 1079 2895 par
1096 2826 1126 2880 D.
1141 2823 1164 2880 G
1179 2822 1267 2897 [droul
1295 2821 1332 2878 de
1350 2820 1419 2877 l'ab·

323 2917 391 2989 haye
406 2919 441 2972 de
456 2918 672 2984 saint-Bennisl,
689 2918 714 2973 le
727 2917 745 2972 l
757 2924 837 2973 coust
851 2919 944 2987 1705.)

412 3037 506 3107 (Publ.
523 3037 727 3095 Ordonnartces
742 3038 791 3094 des
806 3038 873 3094 Ilois
894 3039 930 3095 de
948 3039 1069 3108 Frettce,
1087 3045 1105 3097 l.
1128 3040 1151 3111 l,
1173 3058 1199 3114 p.
1217 3039 1294 3108 102.)

336 3258 496 3330 Universis
512 3271 680 3349 presentes
700 3259 821 3329 litteras
848 3256 1043 3350 inspecturis
1066 3263 1208 3332 decanus
1232 3276 1264 3334 et
1292 3261 1417 3355 capitu-

290 3374 353 3441 lum
376 3371 585 3443 lliturieensis
603 3372 739 3443 ecclesie
758 3375 893 3443 salutem
912 3372 943 3442 in
970 3373 1119 3444 Domino.
1149 3378 1263 3444 Notum
1283 3373 1418 3447 lecimus

290 3485 483 3557 nost-idissc
504 3501 534 3557 et
564 3487 733 3576 diligenter
762 3486 944 3577 inspexisse
971 3510 1009 3557 ac
1037 3489 1077 3558 de
1097 3489 1193 3558 uerbo
1217 3490 1257 3558 ad
1287 3491 1418 3560 uerbum

291 3602 410 3690 legisse
430 3615 461 3672 et
478 3625 577 3691 penes
597 3624 655 3671 nos
673 3602 790 3670 habere
810 3600 919 3670 literas
940 3599 1042 3670 lelieis
1064 3600 1295 3673 reeordationis
1313 3604 1422 3672 ludo·

291 3711 363 3794 rici,
390 3713 447 3783 Dei
482 3714 580 3803 gralia
610 3717 801 3784 Francorum
823 3712 931 3803 regis,
959 3737 1094 3803 quarum
1117 3727 1209 3785 tenor
1234 3717 1294 3785 sub
1314 3713 1421 3807 sigillo

289 3828 434 3916 ejusdem
455 3826 603 3916 sequitur
622 3825 653 3895 in
676 3831 734 3897 ltec
755 3829 848 3896 uerba
870 3851 877 3896 :

333 3939 522 4021 leudoricus,
541 3939 596 4010 Dei
617 3939 716 4029 gratia
737 3943 929 4012 llrancorum
962 3963 1028 4026 rer,
1051 3954 1161 4011 notum
1189 3940 1327 4013 lecimus
1349 3942 1421 4013 uni·

289 4051 390 4124 tersis
410 4067 472 4121 tam
492 4055 697 4143 presentibus
716 4077 811 4145 quam
833 4052 949 4124 luturis
977 4057 1062 4145 quod
1084 4077 1157 4135 nos,
1181 4056 1283 4126 diuini
1301 4055 1421 4127 amoris

290 4164 403 4236 intuitu
422 4181 452 4236 et
468 4190 524 4256 pro
536 4166 677 4237 remedio
692 4167 796 4238 anime
810 4182 922 4239 nostro
942 4181 974 4238 et
990 4167 1169 4238 animarum
1184 4167 1293 4241 inclite
1311 4191 1420 4241 recor-

289 4279 427 4351 dationis
447 4280 533 4368 regis
553 4279 713 4362 ludovici,
744 4279 897 4370 genitoris
919 4280 1032 4363 nostri,
1070 4295 1101 4353 el
1126 4281 1235 4373 regine
1267 4285 1419 4355 lllaneltev

289 4393 455 4483 genitricis
472 4407 594 4476 nostre,
610 4408 642 4463 et
659 4395 795 4464 aliorum
814 4398 1083 4485 predecessorum
1101 4410 1299 4482 nostrorum,
1321 4420 1421 4490 quan-

288 4524 354 4578 tum
373 4507 403 4577 iu
424 4507 518 4578 uoltis
533 4522 594 4592 cst,
626 4512 772 4580 volumus
791 4523 822 4581 et
853 4510 1065 4583 concedimus
1097 4514 1182 4605 quud
1203 4537 1319 4586 omnes
1349 4538 1422 4608 per·

288 4647 368 4695 sone
389 4626 524 4714 laycales
540 4624 682 4697 decimas
703 4623 919 4716 percipientes
943 4630 983 4697 ab
1008 4626 1080 4700 aliis
1100 4630 1133 4700 in
1161 4642 1241 4702 terra
1263 4643 1371 4703 nostra
1386 4644 1418 4704 et

287 4738 318 4810 in
339 4739 442 4811 leodis
471 4740 590 4812 nostris
626 4738 828 4811 moventibus
860 4744 1002 4815 mediate
1029 4745 1076 4816 vel
1098 4744 1298 4833 immediate,
1334 4769 1417 4841 quas
