3420 5490
779 760 806 771 -
828 725 884 789 341
909 761 946 772 -

293 849 530 944 imponebatur,
552 873 608 942 per
627 852 748 921 dictum
776 873 870 921 suum
890 863 923 922 et
959 850 1194 923 ordinationem
1227 875 1319 924 suam
1346 851 1423 925 reti·

294 966 401 1034 nuerit
430 962 601 1036 duodecim
629 965 760 1035 libratas
787 975 870 1035 terre
901 965 1048 1055 ejusdem
1080 962 1224 1056 llugouis
1265 967 1304 1036 ad
1338 988 1422 1058 opus

293 1080 460 1168 cujusdam
491 1077 667 1170 capellanie
694 1077 872 1149 Aurelianis
901 1079 1072 1163 laciende3
1106 1090 1139 1149 et
1174 1077 1281 1150 dilecti
1322 1078 1423 1150 nostri

293 1191 446 1282 magister
467 1194 632 1263 lebannes
652 1190 757 1263 dictus
777 1194 898 1274 Pullus,
933 1193 1079 1282 ejvvsdem
1105 1190 1191 1282 regis
1211 1189 1362 1279 clericus,
1389 1204 1422 1264 et

293 1306 390 1377 lldam
412 1305 610 1390 l’anetarius,
632 1305 777 1378 baillivus
792 1303 1008 1397 Stompensis,
1028 1307 1068 1377 ad
1087 1328 1170 1397 opus
1184 1303 1270 1378 dicte
1285 1307 1423 1399 capella·

292 1418 345 1491 nie
374 1443 431 1512 pro
457 1418 628 1492 duodecim
661 1417 784 1491 libratis
814 1420 910 1491 annui
938 1417 1087 1492 redditus
1119 1421 1358 1512 assignaverint
1389 1431 1422 1493 et

293 1532 479 1606 tradiderint
498 1535 638 1628 capitulo
659 1534 878 1607 Aurelianensi
905 1532 1116 1628 quadraginta
1137 1547 1169 1607 et
1187 1547 1261 1607 ooto
1282 1548 1417 1626 arpenta

292 1662 387 1729 terre,
416 1672 480 1720 uuo
506 1648 652 1740 quaterio
673 1649 792 1730 minus,
812 1647 872 1719 sita
893 1651 976 1741 apud
998 1650 1144 1730 buieres,
1162 1647 1246 1720 inter
1267 1653 1420 1721 Sanctum

291 1765 483 1832 Germanum
504 1772 537 1832 et
555 1761 749 1833 lorterloiam
771 1764 810 1833 de
829 1760 977 1848 buieriis,
995 1763 1083 1851 juxta
1103 1759 1212 1844 llaias,
1241 1761 1282 1831 de
1307 1762 1420 1832 volun·

291 1885 354 1944 tate
369 1873 470 1962 ipsius
490 1878 576 1966 regis
595 1887 627 1945 et
647 1888 755 1946 nostra
772 1898 780 1958 ;
813 1896 886 1959 uos,
914 1877 954 1944 de
974 1874 1067 1964 cujus
1096 1875 1190 1944 leudo
1210 1871 1294 1944 dicta
1322 1885 1419 1957 terra,

291 1990 415 2057 ratione
434 1986 575 2058 dotalicii
592 1984 706 2069 nostri,
729 1998 847 2072 movet,
864 1985 983 2057 dictam
1004 1984 1258 2076 assignationem
1274 1997 1307 2055 et
1325 1982 1419 2058 tradi.

292 2100 411 2170 tionem
427 2111 547 2189 gratam
569 2101 739 2182 babemus,
759 2101 907 2170 volumus
935 2111 968 2170 et
999 2100 1177 2168 laudamus.
1201 2101 1235 2166 lu
1255 2096 1349 2187 cuius
1367 2093 1414 2166 rei

292 2212 511 2285 testimonium
549 2211 753 2303 presentibus
782 2211 896 2284 litteris
923 2211 1065 2302 sigillum
1093 2223 1239 2282 nostrum
1266 2207 1415 2279 duximus

290 2328 528 2418 apponendum.
548 2330 659 2397 llctum
674 2328 758 2418 apud
779 2325 904 2396 Curiam
923 2323 995 2410 bei,
1015 2347 1102 2396 auno
1115 2320 1242 2396 Domini
1263 2326 1341 2395 rtcc
1357 2321 1413 2393 tri·

291 2445 412 2514 eesivno
427 2454 530 2523 sexto,
551 2464 663 2513 mense
680 2439 856 2512 decembri.

769 2828 935 2891 ccxuvttt

574 3112 616 3171 tra
631 3107 827 3182 dour-Dion,
841 3105 1018 3171 decembre
1038 3107 1127 3172 tuuc.

288 3368 327 3424 La
341 3368 419 3423 mine
433 3365 600 3435 lugeburge,
623 3379 709 3418 seuve
732 3362 767 3418 de
792 3362 1074 3436 Philipps-Auguste,
1103 3361 1188 3418 scelle
1203 3360 1414 3434 l’approbation,

323 3481 374 3537 par
388 3462 548 3521 Guillaume
563 3461 600 3515 Le
613 3459 774 3523 llouteiller,
791 3451 1030 3530 de'l‘assignation
1045 3458 1112 3515 lalle
1125 3474 1175 3514 sur
1202 3459 1244 3515 los
1266 3462 1356 3516 terres
1378 3457 1414 3516 do

212 3543 220 3562 ’
324 3555 457 3625 beveres,
473 3551 521 3624 qui
536 3553 600 3605 sont
612 3555 775 3604 mouvuntes
790 3549 825 3605 de
840 3549 880 3605 lui
895 3565 930 3605 en
944 3548 1001 3606 llel.

314 3698 399 3769 (Pub.
415 3697 559 3752 llullelins
572 3697 607 3748 de
620 3696 648 3749 ln
664 3693 725 3750 Soc.
742 3693 873 3751 Aroltdol.
887 3695 922 3748 de
937 3694 1121 3763 l'Orldeneis,
1137 3698 1157 3749 t.
1174 3693 1249 3763 Vlll,
1265 3710 1293 3764 p.
1310 3693 1387 3764 513.)

334 3919 356 3984 Ι.
379 3911 435 3984 [lei
456 3911 556 4001 gratia
576 3913 770 3980 Francorum
799 3908 922 4000 regina,
951 3907 1110 3980 universis
1138 3910 1177 3979 ad
1203 3932 1286 3999 quos
1310 3910 1415 3982 littere

289 4041 456 4121 presentes
487 4022 692 4115 pervenerint
718 4025 854 4095 salutem
882 4021 913 4092 in
943 4024 1094 4093 Domino.
1140 4026 1254 4094 Notum
1282 4022 1415 4096 lacimus

289 4144 372 4233 quod
389 4140 525 4210 dilectus
542 4150 574 4209 et
590 4137 693 4208 bdelis
706 4136 1007 4207 nosterWillelmus
1018 4134 1244 4219 buticularius,
1260 4136 1366 4221 miles,
1382 4136 1415 4207 in

290 4267 398 4323 nostra
436 4248 596 4340 presentia
628 4248 837 4330 constitutus,
868 4245 1120 4335 assignationem
1147 4257 1179 4317 et
1208 4245 1414 4318 traditionem

289 4360 497 4457 quadraginta
517 4373 549 4432 et
567 4373 641 4431 octo
669 4372 876 4451 arpentorum
897 4371 994 4442 terre,
1020 4380 1084 4429 uno
1107 4356 1272 4448 quarterio
1292 4358 1414 4446 miuus,

291 4481 331 4550 de
350 4478 444 4549 leodo
475 4500 535 4547 suo
564 4476 773 4562 moventium,
805 4496 867 4565 que
898 4475 1026 4544 luerunt
1050 4469 1193 4564 llugouis
1215 4471 1415 4561 buticularii,

291 4592 413 4677 militis,
438 4616 535 4683 quam
556 4587 663 4663 dilecti
683 4590 784 4661 nostri
819 4590 972 4681 magister
989 4591 1155 4660 lohannes
1175 4587 1282 4659 dictus
1307 4590 1417 4659 Pullus

291 4722 324 4780 et
354 4711 451 4778 lldam
485 4704 683 4788 Panetarius,
715 4703 860 4775 baillivus
879 4699 1094 4794 Stampensis,
1115 4704 1259 4775 lecerunt
1277 4702 1419 4795 capitulo
