3420 5490
736 692 774 704 —
797 658 851 721 tbt
878 692 916 704 -

265 784 450 856 testimonio
467 780 793 872 rolumosperuenire
820 784 905 871 quod
935 782 1086 853 llartiuus
1106 783 1287 872 llillardusp
1306 779 1392 853 Beati

266 894 377 966 dniani
395 898 613 979 subdecanus,
640 892 784 985 magistri
806 896 958 965 Falconis
980 893 1202 966 liberalitatem
1222 896 1394 966 attendens

265 1021 296 1077 et
317 1011 498 1080 interuentu
521 1008 662 1100 precium
682 1030 762 1097 quas
788 1029 845 1098 pro
877 1011 991 1078 eodem
1020 1011 1158 1079 Fulcone
1190 1010 1273 1091 Odo,
1291 1030 1393 1099 nepos

266 1121 398 1212 predicti
415 1127 467 1207 ll.,
490 1121 519 1193 ei
540 1125 669 1204 lecerat,
687 1120 718 1189 in
737 1119 887 1191 domibus
899 1143 980 1210 qrras
999 1133 1109 1192 nostre
1128 1120 1267 1192 ecclesie
1279 1133 1393 1192 contu·

266 1236 303 1304 lit
340 1235 549 1306 elemosinam
593 1235 772 1304 habendam
803 1231 966 1305 concessit
996 1237 1199 1306 mansionem
1237 1234 1392 1323 quamdiu

265 1349 429 1440 predictus
449 1351 499 1431 tt,
514 1351 632 1419 Sancte
645 1344 758 1417 Crdcis
786 1345 964 1418 canorrictr's
988 1344 1111 1433 virent,
1131 1369 1281 1419 assereus
1306 1348 1393 1439 quod

265 1464 297 1531 in
322 1461 493 1534 collatione
518 1463 686 1533 domorum
710 1464 792 1531 bauo
826 1459 890 1532 sibi
910 1459 1042 1532 retinuit
1055 1462 1239 1533 lacultatem
1258 1462 1343 1551 quod
1363 1459 1391 1532 si

264 1580 398 1649 alterum
419 1591 571 1669 nepotum
595 1599 741 1662 suorum,
754 1596 834 1665 quos
848 1574 1384 1648 iudomorumcollationeassensd

267 1707 376 1761 nostro
396 1689 564 1761 constituit
580 1688 728 1772 sicarios,
769 1708 864 1759 suum
895 1687 1018 1760 obitum
1050 1687 1254 1780 contingeret
1278 1711 1390 1781 prere·

267 1804 349 1888 nire,
370 1806 501 1875 liberam
522 1806 655 1874 baberet
675 1805 858 1874 facultatem
891 1805 963 1874 loco
983 1805 1127 1874 defuncti
1157 1801 1254 1873 alium
1279 1804 1393 1874 subro-

267 1940 352 2006 gare.
371 1921 435 1989 Nos
449 1940 522 1988 uero
536 1915 734 1988 autenticum
749 1918 834 2006 quod
860 1914 1010 1986 similiter
1024 1919 1085 1987 lroc
1104 1940 1121 1986 a
1139 1915 1238 1991 ,uobis
1254 1918 1392 1987 babebat
1424 1929 1425 1933 ’

267 2033 470 2101 attendentes
503 2029 563 2100 sibi
590 2031 797 2101 commissam
830 2028 929 2099 tuisse
963 2030 1151 2120 prelibatum
1181 2028 1392 2120 cognovimus

269 2135 462 2214 lacul‘tuttilb.
496 2130 670 2233 Eapropter
700 2136 855 2233 magislro
878 2121 1008 2213 i‘biconi
1043 2143 1178 2233 predicti
1207 2125 1328 2212 ilartini
1360 2155 1394 2211 et

268 2255 405 2326 l‘ascasii
430 2255 642 2347 udpoliscjus
663 2252 909 2327 concessionem
944 2248 1057 2326 laclarn
1083 2233 1244 2339 voluimus,
1276 2278 1391 2345 appro-

268 2372 379 2440 bntuus
396 2362 428 2440 et
448 2368 547 2441 nostri
562 2362 657 2460 sigilli
674 2367 849 2440 iniririiniim
866 2370 1066 2441 roboraturus.
1087 2359 1152 2441 ltoc
1164 2368 1259 2440 ctiam
1274 2369 1392 2442 adden·

266 2484 339 2556 dum
360 2509 434 2557 esse
449 2484 637 2556 censuimus
662 2487 747 2576 quod
777 2487 919 2576 pretous
943 2486 1039 2555 luico
1061 2472 1224 2566 Pascasio,
1248 2484 1390 2576 predicti

266 2602 304 2670 ll.
326 2598 446 2689 nepoti,
468 2598 606 2689 singulis
626 2599 719 2669 aunis
738 2584 806 2668 xxo
844 2577 967 2670 solidos
989 2598 1153 2670 concessit
1188 2609 1245 2689 pro
1265 2579 1391 2671 eisdem

265 2700 414 2785 domibus
434 2711 465 2782 in
488 2715 569 2783 lusto
593 2711 696 2783 sancti
733 2710 844 2782 lluiani
873 2696 1021 2783 hiemalis
1050 2695 1293 2804 persolvendos,
1330 2696 1391 2783 iroc

264 2829 411 2897 addendo
423 2829 509 2916 rpuod
530 2827 561 2895 in
583 2811 732 2896 domibus
757 2811 910 2916 predictis
930 2827 1001 2896 loco
1026 2828 1076 2897 soi
1103 2812 1150 2897 rei
1183 2833 1297 2897 'secum
1317 2827 1391 2897 siue

265 2963 399 3010 assensu
417 2937 555 3010 Pascasii
576 2929 672 3008 ulium
700 2963 763 3008 non
794 2930 953 3009 admiliet.
985 2943 1019 3009 ln
1058 2939 1280 3030 disposicione
1314 2960 1389 3010 rero

267 3052 405 3122 l'ascasii
421 3053 482 3122 erit
499 3054 543 3122 de
563 3053 679 3131 urreis,
701 3046 852 3134 cellariis,
872 3039 988 3121 (lomus
1008 3047 1201 3122 utensilibus
1224 3052 1387 3133 ordinare,

266 3177 297 3234 et
317 3163 517 3235 mansionem
538 3177 628 3233 suam
650 3157 782 3233 babebit
802 3165 834 3233 in
865 3147 1015 3235 domibus
1044 3166 1072 3234 si
1106 3163 1136 3235 in
1175 3167 1224 3235 eis
1258 3168 1389 3251 mouere

267 3276 413 3360 voluerit,
430 3277 516 3347 salro
537 3273 678 3366 magistri
696 3275 845 3346 Fulcouis
865 3300 925 3346 usu
946 3277 978 3347 el
993 3276 1089 3347 salvis
1111 3269 1303 3349 utensilibus
1326 3300 1390 3367 que

268 3403 375 3460 nostre
387 3385 524 3461 ecclesie
543 3413 616 3459 cum
633 3376 785 3459 domibus
813 3368 935 3460 eisdem
967 3375 1067 3460 luisse
1080 3387 1195 3461 collata
1214 3388 1390 3462 dinoscun-

268 3516 327 3575 tur.
