3420 5490
762 679 947 742 -166-

293 806 322 875 ei
343 809 390 877 tel
416 805 523 876 heredi
550 828 609 874 suo
640 806 787 894 injuriam
819 802 928 875 lecerit
962 807 1121 875 llultertus
1150 806 1199 879 acl
1232 807 1326 877 iteres
1351 809 1422 896 ejus

292 921 331 986 att
382 917 466 987 aliem
515 915 737 987 rationabilem
776 938 849 986 eum
886 915 1094 986 submonebit
1130 929 1161 988 et
1197 914 1279 987 intra
1315 917 1421 989 villam

293 1030 372 1101 Galli
385 1029 579 1121 justicialrit.
614 1035 691 1101 luta
717 1053 791 1101 vere
817 1027 876 1104 alia
893 1030 1024 1119 justicia
1043 1032 1083 1100 al
1111 1028 1283 1101 ecclesiam
1304 1030 1421 1103 Sancte

291 1142 404 1212 Crucis
424 1155 560 1234 spectat.
584 1142 714 1212 Decime
742 1154 775 1212 ct
792 1142 1007 1232 campipartes
1024 1141 1112 1212 illius
1128 1154 1212 1212 terre
1231 1163 1422 1213 communes

289 1268 395 1336 errant,
414 1269 446 1325 et
465 1277 538 1325 cum
556 1253 661 1324 emina
677 1255 837 1343 equaliter
848 1252 1029 1323 tliuirlentur
1049 1262 1083 1323 el
1104 1252 1280 1342 larragiues
1300 1254 1420 1324 simili·

290 1381 338 1437 ter
357 1367 549 1439 dividentur.
570 1365 721 1437 Caunnici
738 1380 844 1436 autem
865 1378 898 1441 et
922 1366 1112 1457 llallrertus]
1139 1363 1303 1457 grangiam
1324 1364 1421 1441 ratia-

292 1481 430 1552 nabilem
451 1483 491 1550 de
529 1483 637 1551 culmo
665 1483 713 1549 uel
747 1478 959 1548 ltaruudinete
979 1491 1095 1549 tectam
1124 1476 1252 1550 lacient.
1274 1477 1307 1549 Si
1347 1501 1421 1551 nere

293 1610 398 1687 preter
427 1592 700 1681 submonitionem
732 1592 961 1663 canonicorum
983 1593 1179 1683 llu[bertus]
1209 1605 1358 1683 sumptus
1387 1591 1419 1663 iu

288 1707 420 1799 grangia
444 1705 504 1777 sibi
525 1705 748 1796 contingentes
769 1727 888 1795 pcuere
922 1703 1072 1788 noluerit,
1093 1702 1239 1778 canonici
1266 1718 1300 1775 et
1318 1727 1416 1795 grau·

290 1822 372 1910 giam
389 1819 507 1892 facient
525 1832 556 1890 ct
584 1819 773 1909 larragiuem
802 1832 900 1889 tetam
917 1817 1075 1909 propriam
1096 1820 1271 1891 transeunt.
1294 1821 1420 1890 llulrer·

295 1950 346 2005 tus
360 1957 434 2004 tero
446 1938 474 2004 si
488 1935 666 2004 ‹lelcceriut
682 1931 829 2003 similiter
840 1932 1003 2023 grangiam
1017 1955 1091 2001 cum
1106 1933 1262 2022 lanugine
1275 1930 1419 2003 laniabit.

297 2048 359 2119 llec
381 2058 488 2119 autem
504 2044 610 2114 emnia
627 2058 689 2113 tam
710 2065 746 2113 se
766 2065 860 2132 spatam
881 2041 980 2116 lulium
1000 2064 1094 2113 suum
1112 2041 1249 2113 luleliter
1268 2045 1421 2118 observa·

294 2170 383 2227 tures
418 2159 545 2249 jurasse
574 2173 607 2226 et
640 2178 769 2230 uxerem
809 2177 900 2225 suam
938 2155 1156 2238 cnttceesisse,
1186 2154 1217 2232 ia
1257 2156 1418 2247 presentia

293 2285 402 2341 uestra
422 2274 592 2340 consessus
611 2283 660 2340 est
680 2284 710 2340 ct
737 2271 798 2340 sul)
827 2266 899 2339 ttlet
926 2291 984 2339 sue
1012 2281 1043 2339 et
1060 2267 1231 2358 juramenti
1255 2270 1421 2343 canonicis

296 2383 417 2479 prestiti
439 2382 581 2475 periculo
601 2382 736 2453 litlcliter
767 2385 994 2458 observaturus
1014 2381 1159 2474 premisit
1188 2383 1294 2461 stultis.
1325 2388 1418 2470 Quatl

296 2511 328 2573 nt
360 2513 461 2591 ratum
506 2510 704 2587 permaneret
739 2497 861 2585 scripte
907 2495 1205 2567 cemmculauimus
1244 2510 1278 2567 et
1315 2496 1422 2588 sigillo

296 2624 407 2680 uestro
436 2607 669 2687 relteratimus.
700 2612 742 2687 Es
764 2624 850 2698 parte
881 2608 1112 2681 canonicarum
1133 2621 1233 2679 testes
1261 2610 1422 2682 alluerant

295 2721 441 2795 canonici
484 2737 515 2799 et
554 2721 660 2791 clerici
706 2719 944 2796 Aurelianensis
981 2723 1121 2796 ecclesie
1159 2720 1350 2793 Vincentius
1390 2738 1424 2795 et

294 2841 318 2908 ll
328 2835 502 2926 aginaldus,
519 2850 550 2906 et
565 2836 720 2913 Errnalulus
735 2835 917 2917 lllesensis;
934 2832 1111 2906 servientes
1125 2857 1255 2925 tpueque
1274 2839 1423 2925 ejusdem

296 2949 433 3023 ecclesie
459 2953 606 3023 sttui-tus
627 2951 737 3041 attejas,
769 2951 972 3028 'l'lteultaltlus
997 2961 1030 3019 el
1066 2946 1229 3025 llirartlus.
1264 2952 1305 3020 lit
1336 2964 1425 3042 pauc

298 3062 448 3140 llulrerti:
472 3062 641 3135 (tantulus
655 3066 821 3146 sacculos,
839 3068 927 3152 lluge
947 3065 986 3133 tle
1005 3065 1121 3146 ialam,
1140 3066 1299 3153 l'agauus,
1321 3064 1425 3135 (luitle

298 3174 438 3258 laidem,
466 3174 648 3246 lltetrieus.
683 3182 794 3247 tlctum
828 3175 954 3266 pultlice
995 3175 1136 3257 Carunti,
1176 3175 1357 3249 astantibus
1391 3178 1425 3247 iu

298 3289 457 3383 presentia
498 3304 603 3361 uestra
638 3293 794 3360 tlattlrctlu
815 3292 949 3371 siccatae,
984 3288 1189 3379 tlislleltertul
1222 3291 1421 3375 sululceattc,

299 3402 480 3492 llrtrcluulul
509 3404 714 3482 cettccllartc,
738 3400 875 3475 uetueris
896 3400 1038 3475 lluucnsi
1063 3400 1301 3472 atcltiliaceue.
1331 3407 1421 3473 tluue

298 3513 451 3589 ittcaruatt
467 3516 561 3589 terei
592 3518 629 3585 ll·
659 3518 757 3585 tltxt'
778 3517 827 3596 l'l,
849 3512 1055 3604 episcopatus
1074 3513 1174 3587 uestri
1196 3512 1313 3606 prime.
