3420 5490
766 723 944 787 -348,

292 852 445 945 quamdiu
478 874 543 922 non
562 850 623 923 erit
642 850 685 922 ini
704 873 798 942 aqua,
819 862 852 922 et
866 849 1042 944 capitulum
1069 863 1102 923 et
1122 833 1281 923 itubertns
1299 870 1415 943 aquam

293 979 528 1061 prosequentur
546 980 701 1060 qnantum
732 965 827 1037 tatius
847 987 883 1038 so
913 968 1076 1038 ostendet.
1096 970 1161 1038 Nos
1182 967 1306 1038 veroin
1321 967 1418 1058 liujus

292 1080 338 1154 rei
352 1084 449 1153 tidem
462 1095 494 1153 et
510 1080 730 1153 testimonium
749 1093 917 1174 presentes
930 1081 1053 1152 litteras
1067 1079 1165 1173 sigitti
1186 1078 1288 1152 noaui
1311 1078 1417 1152 muni·

292 1195 380 1265 mine
406 1196 543 1266 terimus
572 1192 727 1266 roborari.
758 1198 871 1265 Actum
906 1214 991 1264 anno
1019 1190 1146 1266 Domini
1174 1195 1415 1281 ΜΟΕΧΧΧῊΙΙ,

292 1328 405 1379 mense
419 1305 599 1378 novembri.

799 1672 910 1733 mult

712 1963 895 2029 Decembre
916 1963 994 2028 1238

290 2219 381 2276 Vento
395 2233 432 2275 au
446 2217 572 2291 cuspius
588 2231 639 2290 prr
651 2215 769 2273 Etionns
784 2216 822 2273 lm
831 2216 936 2288 Coche,
947 2214 1033 2286 olore,
1047 2229 1121 2286 pour
1130 2212 1166 2272 38
1179 2212 1264 2271 liures
1275 2214 1414 2286 tournois,

324 2313 360 2371 de
371 2330 402 2369 sa
414 2315 489 2371 dtms
501 2330 536 2370 on
550 2314 583 2370 {7
597 2318 711 2386 arpents
724 2317 751 2369 ot
765 2311 840 2369 domi
854 2313 889 2369 do
904 2312 1000 2385 rienes
1014 2313 1029 2367 a
1044 2311 1190 2381 Soterem,
1205 2312 1270 2385 pres
1294 2309 1416 2370 t'Ornw

324 2410 540 2483 saint-Aignun.

525 2558 615 2629 (θεία.
628 2575 653 2615 a.
669 2559 765 2633 paron.
776 2558 861 2615 Aron.
877 2557 915 2613 dn
930 2557 1034 2627 Loirot,
1049 2557 1084 2613 G.
1099 2556 1173 2626 836.)

334 2777 494 2847 Omnibus
525 2787 693 2867 presentes
721 2775 845 2845 litteras
868 2771 1077 2865 inspecturis,
1106 2773 1252 2847 ottioiatir
1271 2774 1415 2850 Aurelia·

290 2887 402 2961 nensis
419 2890 555 2960 salutem
575 2888 606 2959 in
636 2889 786 2959 Domino.
809 2885 958 2959 Norerint
979 2886 1117 2960 universi
1144 2891 1229 2980 qnod
1253 2887 1412 2963 ooustitu·

289 3016 342 3075 tus
356 3025 464 3075 ooram
485 3001 580 3073 nobis
599 3000 750 3093 magister
769 3004 951 3093 Stephanus
964 3006 1005 3072 Lo
1023 3005 1142 3088 Coche,
1162 3001 1313 3090 uterinus,
1335 3025 1414 3077 uon·

289 3117 621 3188 diditionembitibns
648 3113 722 3186 uiris
742 3117 864 3186 decano
894 3128 928 3186 et
956 3117 1097 3207 capituto
1123 3117 1410 3192 turettanensinm

289 3254 347 3323 pro
362 3229 490 3322 triginta
511 3245 544 3302 et
562 3229 704 3321 quinque
720 3228 812 3299 tibris
833 3226 1070 3319 parisientium,
1089 3231 1265 3322 dequibus
1287 3232 1322 3303 in
1352 3254 1415 3306 na·

289 3358 409 3414 morata
421 3343 557 3434 pecunia
578 3342 679 3411 tenuit
700 3363 736 3411 se
752 3354 948 3431 propagato,
965 3342 1125 3430 quandam
1141 3344 1299 3414 decimam
1317 3366 1415 3419 sua·

288 3478 352 3527 non
373 3458 537 3525 attor-atam
562 3455 596 3523 in
611 3455 722 3524 decem
742 3468 775 3524 et
787 3467 912 3544 septem
927 3468 959 3523 et
978 3451 1111 3525 dimidio
1139 3453 1281 3546 arpentis
1303 3455 1415 3530 rinos·

289 3591 359 3639 rum
379 3566 455 3639 sitis
474 3565 506 3637 in
526 3569 598 3637 toro
629 3565 682 3657 qui
714 3564 831 3636 dicitur
850 3567 1001 3636 Sotereau
1028 3588 1141 3638 uersus
1154 3566 1280 3638 ulmum
1300 3567 1414 3644 smmi

289 3682 419 3766 Auiani,
439 3693 471 3752 et
487 3702 601 3751 novem
621 3679 744 3751 solidos
760 3701 880 3751 census
906 3678 1021 3764 annui,
1042 3681 1167 3752 duabus
1181 3678 1355 3756 denarialis
1379 3697 1415 3758 ot

288 3797 385 3868 oboto
404 3792 523 3882 miuus,
546 3817 643 3887 super
663 3796 794 3865 easdem
819 3793 928 3865 uineas
947 3795 1058 3879 libera,
1084 3793 1190 3886 quista
1209 3809 1242 3868 et
1255 3793 1413 3872 immunia

288 3913 328 3981 ab
350 3909 437 3981 omni
457 3907 601 3980 dominio
620 3922 652 3981 et
672 3912 793 3980 honere
812 3921 844 3980 et
869 3909 1011 3999 qualibet
1033 3906 1212 3993 exactione,
1233 3910 1297 3983 nte
1321 3933 1413 4004 pros·

290 4021 346 4095 tita
357 4026 389 4094 iu
406 4046 502 4095 manu
523 4037 630 4093 nostra
652 4019 831 4113 prominens
847 4021 1033 4114 quodcirca
1048 4023 1167 4094 uictam
1187 4022 1409 4099 venditionem

188 4139 193 4150 ‘
289 4158 346 4227 per
360 4158 396 4207 ss
417 4140 464 4207 ret
480 4158 536 4227 per
556 4135 637 4206 atior
656 4138 881 4207 deceteronon
895 4134 1013 4221 ueniet,
1029 4136 1128 4209 immo
1143 4139 1183 4208 ad
1199 4159 1278 4210 usus
1291 4149 1414 4213 moon·

288 4251 476 4321 suetudine·
496 4249 745 4321 Aurelianense·
763 4248 857 4322 dietis
877 4253 1079 4341 emptoribus
1099 4249 1255 4342 legittimo
1272 4249 1414 4342 garanti-

289 4376 350 4434 ret.
367 4366 414 4434 [te
430 4361 513 4434 diota
528 4375 636 4433 antem
652 4360 835 4434 venditione
849 4367 1012 4436 Jotranuos
1022 4360 1227 4455 imperatoris
1240 4374 1274 4436 et
1292 4364 1414 4439 iohan-

289 4498 349 4548 nes
368 4477 561 4560 imitatoris,
580 4475 712 4562 mititem,
733 4492 764 4548 et
779 4480 850 4549 0do
866 4477 1004 4567 Cointet‚
1026 4476 1203 4551 canonieus
1219 4478 1414 4570 lagunas!-

288 4589 349 4674 sis,
370 4592 532 4682 perfidem
553 4592 593 4660 ad
613 4594 850 4664 mandatumst
869 4588 1413 4684 proconnissismpnminscoets

287 4724 325 4775 ss
342 4700 466 4795 plegios
485 4714 679 4775 statuerunt.
705 4705 739 4774 tu
754 4707 848 4795 cujus
862 4708 909 4776 rei
926 4704 1160 4776 memoriarum
1180 4702 1404 4778 omnent·-
