3420 5490
763 708 941 778 -tllb-

293 841 501 921 disnoscitur,
523 840 652 930 aliquod
687 841 780 911 uobis
812 844 1069 912 emolumentum
1100 840 1174 913 inde
1194 856 1416 933 comparatum

289 951 396 1033 luserit,
425 956 465 1024 de
492 951 658 1043 utriusque
679 952 777 1042 partis
796 976 960 1024 consensu
990 952 1084 1024 nobis
1114 967 1147 1025 et
1167 953 1226 1044 ipsi
1258 958 1416 1045 equaliter

291 1064 460 1135 dividetur.
480 1065 681 1136 Servientem
709 1079 820 1137 nostre
848 1065 946 1155 partis
966 1069 1135 1137 custodem
1157 1090 1329 1157 ponemus,
1358 1072 1416 1136 llu-

293 1180 402 1248 bertus
429 1201 503 1249 uero
535 1191 567 1249 et
587 1182 682 1249 beres
711 1202 790 1248 suus
819 1176 966 1248 similiter
985 1202 1078 1247 suum
1111 1197 1244 1269 ponent.
1270 1186 1414 1264 Quorum

289 1304 423 1381 uterque
448 1304 510 1360 tam
533 1289 627 1362 nobis
644 1314 739 1382 qnam
763 1289 822 1381 ipsi
850 1294 991 1362 lluberlo
1010 1304 1042 1362 ct
1062 1293 1171 1364 bercdi
1191 1294 1262 1382 ejus
1283 1292 1417 1365 lldclita·

290 1418 352 1476 tcm
368 1403 529 1478 crbibebit
554 1419 677 1476 tantum
705 1429 762 1498 pro
777 1405 1068 1478 consuotmlinilms
1087 1405 1147 1478 sibi
1169 1407 1296 1500 proprio
1319 1406 1416 1501 perti·

290 1521 452 1593 ruentibus.
476 1520 705 1593 brundinetum
721 1546 849 1613 puroque
862 1521 947 1612 ‹prrod
964 1521 1108 1613 hospites
1124 1524 1269 1613 ejusdem
1284 1526 1356 1595 ville
1375 1526 1416 1595 ad

292 1658 369 1704 usus
384 1658 462 1705 suos
482 1633 696 1705 dinoscuntur
715 1633 867 1706 tribuisse
880 1633 980 1705 libere
1001 1635 1227 1725 possidebunt,
1249 1639 1294 1705 ita
1309 1649 1415 1706 tamen

290 1748 374 1836 quod
405 1744 510 1836 ipsum
531 1769 592 1817 nec
621 1748 759 1817 vendere
789 1769 848 1816 noc
875 1749 950 1817 dare
970 1758 1122 1838 poterunt
1141 1744 1248 1818 alicui.
1277 1746 1309 1817 Si
1339 1745 1416 1838 qrrid

291 1873 396 1931 autem
428 1858 594 1930 residuum
628 1864 708 1931 lorte
741 1858 911 1951 supererit,
943 1882 1117 1932 commune
1136 1861 1209 1932 crit.
1246 1860 1416 1933 concessit

290 1973 385 2045 etiam
415 1976 574 2044 llubertus
604 1977 689 2064 qrrorl
711 1988 905 2045 memoratos
926 1972 1071 2065 hospites
1101 1987 1186 2045 crtra
1208 1975 1314 2045 uillam
1336 1973 1415 2046 Galli

291 2086 391 2177 injus
411 2089 451 2158 de
471 2101 579 2159 cetero
605 2088 736 2158 minime
763 2091 914 2170 baberet,
943 2091 1000 2159 sed
1029 2087 1109 2158 inlra
1129 2089 1235 2158 uillam
1265 2086 1417 2178 congruis

292 2198 491 2292 temporibus
516 2213 548 2271 et
572 2199 764 2291 competenti
785 2200 837 2271 dic
869 2223 927 2272 cos
947 2199 1123 2292 placitaret.
1157 2199 1237 2287 Quia
1269 2223 1344 2273 vcro
1375 2221 1416 2272 ne

291 2314 453 2404 predictus
474 2315 633 2384 llubertus
664 2326 697 2384 et
729 2316 799 2404 ejus
820 2315 956 2386 beredes
987 2312 1018 2383 in
1046 2328 1191 2386 nostrum
1218 2315 1271 2407 jus
1302 2337 1417 2385 manus

288 2429 523 2519 crtcndlerlent
536 2450 706 2518 precavere
719 2450 779 2499 nos
794 2425 949 2519 oportuit,
966 2427 1222 2499 consuetudines
1237 2426 1269 2498 in
1299 2429 1413 2500 eadem

291 2540 361 2611 uilla
381 2540 442 2611 sibi
463 2542 592 2631 proprie
613 2540 824 2631 pertinentes,
852 2565 892 2612 nc
912 2542 1077 2612 contentio
1108 2542 1141 2610 in
1168 2554 1332 2632 posterum
1353 2542 1418 2611 ori·

292 2666 390 2733 retur,
425 2651 690 2741 subscripsimus.
727 2655 858 2722 Oblatas
892 2651 988 2741 igitur
1027 2652 1240 2742 prosiugulis
1278 2653 1417 2723 masuris

294 2763 388 2831 babet
409 2761 439 2829 iu
465 2764 569 2831 natale
581 2761 732 2830 Domini:
756 2764 838 2831 duos
854 2784 968 2851 panes,
989 2764 1069 2831 duas
1085 2761 1234 2851 gallinas,
1257 2766 1339 2832 duos
1358 2763 1419 2833 de-

293 2873 413 2952 narios,
434 2876 514 2942 duas
530 2874 633 2943 minas
648 2873 736 2943 ordei
751 2876 791 2942 ad
806 2897 954 2963 magnam
968 2896 1152 2944 mensuram
1173 2896 1236 2964 rprre
1256 2877 1338 2945 valet
1350 2888 1418 2945 tres

293 2983 395 3054 minas
420 2986 538 3074 justas,
557 2985 645 3055 ordei
666 2985 815 3056 videlicet
835 2983 976 3056 melioris
994 2984 1080 3056 illius
1102 2985 1266 3071 territorii,
1288 2984 1418 3077 quodsi

294 3103 371 3169 lortc
391 3097 556 3179 desecuit,
577 3098 792 3187 competentis
811 3097 915 3170 ordei.
937 3102 970 3169 Si
989 3112 1096 3170 autem
1117 3101 1157 3170 dc
1178 3098 1315 3191 pambus
1335 3101 1419 3171 sorte

293 3211 455 3284 eontentio
475 3212 682 3304 emicrlscrit,
694 3214 781 3302 juxta
795 3213 1061 3285 connsuetudinem
1080 3227 1163 3285 terre
1177 3219 1292 3285 Sancte
1306 3212 1419 3284 Crucis

293 3328 455 3398 reddetur.
502 3326 651 3399 Corveias
683 3325 812 3397 babebit
857 3350 914 3417 pro
956 3326 1091 3419 singulis
1134 3326 1284 3414 masuris,
1321 3350 1417 3398 onam
1489 3414 1493 3428 .

294 3440 417 3513 scilicet
446 3438 565 3512 minam
594 3440 743 3512 lrumcuti
776 3443 815 3512 ad
845 3442 1084 3526 seminandum,
1112 3441 1264 3513 frumenti
1295 3441 1421 3515 scilicet

296 3556 438 3626 melioris
458 3554 544 3626 illius
565 3555 727 3641 territorii,
749 3559 833 3646 rpuod
862 3555 888 3625 si
910 3559 991 3626 lorte
1015 3557 1182 3638 defecerit,
1204 3555 1420 3646 competentis

295 3667 454 3737 lrumenti.
487 3671 530 3738 bd
550 3691 678 3737 omnem
696 3682 803 3736 atrtcm
821 3665 985 3736 sacioncm
1008 3665 1159 3737 frumenti
1180 3666 1325 3756 bospites
1344 3690 1420 3737 cor·

297 3780 380 3849 roias
404 3781 605 3860 laborabunt,
624 3779 665 3848 ita
693 3793 800 3849 tamen
823 3781 908 3868 quod
929 3777 1100 3849 ordinatim
1121 3781 1161 3847 ab
1180 3778 1331 3849 omnibus
1351 3802 1421 3850 cor·

297 3890 380 3961 scias
399 3890 535 3981 accipiet
554 3891 586 3959 in
603 3891 740 3960 masuris
756 3914 881 3975 eorum,
900 3903 932 3960 et
950 3889 981 3959 in
997 3903 1079 3960 terra
1095 3914 1159 3962 non
1173 3904 1257 3961 arata
1278 3890 1421 3982 exceptis

296 4003 435 4095 arpentis
464 4002 620 4093 ipsorum,
649 4016 680 4074 et
701 4017 847 4094 tempure
876 4004 1086 4093 competenti.
1111 4008 1360 4094 verumptamen
1387 4004 1420 4072 in

296 4114 490 4204 accipiendis
505 4116 630 4186 corveis
645 4129 757 4186 contra
778 4117 937 4185 rationem
958 4113 1103 4205 ipsorum
1121 4114 1284 4186 neminem
1305 4119 1422 4186 moles-

297 4228 385 4297 tabit.
407 4227 539 4317 singule
572 4251 703 4298 carrucc
730 4227 932 4298 corveiarum
967 4251 1024 4316 pro
1063 4228 1287 4317 procuratione
1321 4251 1419 4298 unum

296 4340 459 4410 denarium
494 4342 668 4410 habebunt.
703 4345 861 4430 Tempore
890 4338 1056 4429 autumpni
1089 4343 1203 4431 garbas
1223 4340 1421 4412 corveiarum

298 4478 355 4547 pro
377 4454 566 4548 uoluntlatle
587 4453 715 4526 llubcrti
736 4456 776 4525 ad
797 4453 902 4525 villam
932 4454 1009 4524 tutti
1029 4457 1097 4526 sive
1116 4457 1154 4526 ad
1173 4454 1420 4548 Spesumuillam

298 4568 445 4640 bomines
465 4572 628 4654 delerent;
649 4568 701 4639 ubi
723 4593 798 4641 uero
815 4568 888 4640 trite
903 4582 935 4640 et
947 4583 1054 4660 parato
1071 4567 1203 4653 luerint,
1220 4569 1366 4661 bospites
1381 4572 1421 4642 dc

299 4686 371 4754 uilla
392 4682 470 4756 Galli
493 4707 594 4775 usque
621 4684 812 4766 burclia'nis,
833 4685 872 4754 ad
894 4687 1039 4755 Castrum
1060 4688 1203 4771 Ducum,
1222 4698 1278 4758 sut
1295 4687 1335 4755 ad
1361 4683 1423 4756 Fir·
