3420 5490
762 691 797 705 ,
822 656 883 719 382
906 692 941 703 -

291 782 403 849 darum
441 778 657 861 investituras,
684 780 878 849 bunacioucs
907 792 939 848 et
965 782 1125 849 clamores
1145 792 1178 849 et
1196 780 1257 848 alia
1285 780 1415 867 singula

290 896 410 983 queml
431 893 596 983 majoriam
627 893 710 963 illam
743 892 904 983 pertinent
932 891 1006 963 viris
1029 891 1264 963 venerabilibus
1290 894 1415 962 decano

290 1021 321 1078 et
347 1006 488 1099 capitulo
517 1004 799 1077 Aurelianensilms
826 1028 882 1097 pro
913 1022 1043 1077 centum
1071 1020 1103 1077 et
1131 1005 1293 1097 octogiuta
1324 1002 1416 1076 libris

290 1118 514 1210 parisiensium
531 1119 674 1189 vetulitlit
689 1133 721 1188 ct
736 1122 911 1202 concessit,
928 1142 1025 1209 super
1042 1117 1160 1209 quibus
1173 1130 1304 1189 centurn
1322 1134 1416 1189 ueto·

289 1234 375 1320 ginta
397 1231 488 1300 lilrris
504 1234 616 1301 caulem
633 1230 789 1318 ,iuburgis
804 1253 911 1300 coram
928 1230 1021 1300 nullis
1038 1244 1087 1300 est
1103 1234 1252 1301 consessa
1268 1230 1300 1299 itt
1316 1252 1417 1321 peutt·

290 1344 341 1412 nis
362 1356 528 1412 numerata
555 1342 618 1412 sibi
648 1364 722 1412 csse
747 1343 885 1412 letaliter·
910 1341 1122 1423 satisfactum,
1145 1344 1208 1412 lide
1234 1344 1307 1411 slata
1336 1362 1415 1433 pre-

289 1453 420 1543 mittens
440 1477 547 1525 coram
568 1453 662 1524 vvobis
681 1457 767 1544 vpuovl
787 1462 898 1524 coritis
919 1453 1134 1524 venditionem
1155 1452 1198 1523 ita
1219 1456 1334 1523 laetam
1356 1474 1416 1545 per

289 1590 325 1638 se
345 1569 391 1638 vel
413 1592 469 1659 per
487 1568 583 1639 aliurn
605 1566 711 1639 venire
731 1570 913 1639 nullatenus
938 1568 1152 1657 attentplalvit,
1170 1588 1230 1637 nec
1250 1569 1411 1639 tlccuuum

289 1694 321 1753 cl
359 1681 533 1772 capitulum
571 1682 751 1752 antedictos
784 1703 882 1772 super
920 1680 1053 1770 majoris
1084 1680 1137 1750 illa
1170 1702 1275 1770 neque
1315 1702 1417 1773 supet·

291 1794 526 1885 pertinentibus
540 1796 579 1864 atl
596 1794 761 1884 majoriam
779 1792 961 1864 molestabit
979 1793 1195 1883 aliquatenus,
1218 1815 1278 1864 nec
1298 1816 1416 1886 preeu-

290 1906 372 1978 mltil
386 1932 442 1999 per
454 1908 550 1978 alium
570 1906 748 1992 molestari,
770 1905 867 1977 immo
885 1904 1050 1996 majoriam
1063 1920 1096 1977 cl
1112 1906 1236 1997 singula
1255 1910 1296 1977 ad
1313 1910 1417 1999 rtraje·

289 2022 369 2092 riam
388 2020 585 2110 pertinencia
611 2024 735 2091 tlecauu
754 2034 787 2090 et
805 2022 946 2110 capitulo
965 2018 1198 2103 aurelianensi,
1217 2022 1258 2091 cvl
1278 2041 1359 2091 usus
1382 2033 1417 2091 et

289 2133 542 2205 consuetudines
567 2132 699 2205 lirancie
726 2132 936 2225 garentiaalril
963 2147 1074 2205 contra
1101 2154 1228 2205 omnes.
1259 2136 1417 2205 Cuniesss

289 2262 339 2320 cst
358 2247 453 2320 etiam
474 2271 582 2320 curam
603 2246 696 2319 nubis
716 2249 876 2339 luburgis
904 2246 1046 2340 predicta
1060 2251 1159 2339 quotl,
1188 2246 1359 2341 empcione
1381 2262 1414 2321 el

292 2362 478 2433 vendicionc
507 2361 640 2454 majuric
669 2376 701 2432 et
725 2365 763 2432 atl
786 2361 951 2453 majoriam
982 2360 1209 2454 pertinentium
1236 2362 1279 2433 ita
1302 2362 1413 2449 lactis,

291 2474 358 2563 ipsa
376 2478 506 2565 majoris
518 2490 549 2543 et
563 2496 674 2544 eorum
691 2477 764 2564 (sic)
779 2497 841 2564 que
859 2474 1018 2563 pertinent
1030 2476 1070 2544 atl
1086 2476 1251 2563 majoriam
1266 2474 1298 2543 in
1315 2496 1414 2545 manu

291 2586 478 2675 ll[anasse],
498 2586 613 2654 decani
623 2584 873 2665 Aurelianensis,
887 2584 1016 2653 nominc
1029 2583 1158 2674 capituli
1170 2583 1411 2656 Aurelianensis

291 2718 326 2766 se
342 2695 523 2778 devestivit,
544 2699 701 2767 tlccanum
735 2708 767 2765 et
786 2694 960 2786 capitulum
993 2696 1174 2765 antedictus
1194 2694 1411 2766 investienda.

292 2813 326 2879 ln
342 2811 433 2898 cujus
448 2808 493 2879 rei
518 2808 704 2878 memoriam
725 2823 755 2878 et
776 2806 994 2878 testimenium
1023 2822 1191 2899 presentes
1221 2806 1345 2879 litteras
1368 2812 1411 2879 atl

292 2921 540 3012 requisicionem
560 2921 645 2992 tlicte
664 2921 822 3012 teburgis
849 2920 943 3013 sigilli
966 2920 1066 2992 nostri
1081 2923 1259 2993 munimine
1279 2922 1415 2996 lecimus

296 3035 451 3107 relterari.
486 3040 598 3107 llctum
630 3035 780 3123 senonis,
812 3060 896 3109 annu
932 3037 1060 3107 Domini
1095 3036 1267 3110 millesimo
1291 3040 1416 3111 dirceu-

296 3151 405 3223 tisimo
431 3153 678 3242 quadragesimo
708 3174 806 3237 nonu,
827 3151 1056 3241 mensejunie.

747 3504 956 3567 tlcuxxxvtt

745 3804 855 3866 luillet
881 3803 960 3867 tsttt

288 4052 357 4106 leun
372 4050 407 4105 tle
436 4050 582 4118 Saumerp,
608 4047 756 4107 chevalier,
772 4047 844 4101 vend
859 4047 1040 4117 isle-Greia,
1055 4063 1128 4119 pour
1141 4047 1195 4103 tttt
1208 4046 1291 4101 utres
1304 4047 1417 4119 parisis,

474 4161 530 4199 une
546 4149 621 4197 terve
636 4142 730 4198 arsble
745 4158 810 4195 avec
825 4158 876 4195 esu
891 4149 919 4196 el
932 4142 1062 4199 rtvierst
1084 4142 1238 4214 l'illequop.

521 4288 611 4357 (Orip.
627 4306 650 4341 s.
666 4286 763 4358 perclt.
780 4286 865 4340 lltclr.
878 4260 921 4341 'du
936 4286 1041 4356 Loirel,
1060 4287 1094 4340 (ἶ.
1108 4284 1184 4353 ms.)

336 4502 495 4573 tlmnilms
512 4516 680 4593 presentes
699 4501 820 4571 litteras
836 4499 1041 4591 inspecturis,
1057 4500 1205 4572 ellicialis
1219 4498 1307 4572 curie
1320 4505 1419 4575 lure·

294 4615 450 4688 liaueusis
465 4616 601 4688 salutem
618 4614 650 4683 in
670 4612 819 4685 lluminu.
835 4610 992 4685 Noveritir
1008 4615 1095 4703 quod
1114 4612 1146 4683 in
1166 4628 1274 4685 nostra
1290 4618 1418 4689 consti·
