3420 5490
764 704 883 770 -tso
904 741 944 754 -

290 836 330 905 de
355 832 517 924 expensis,
551 832 698 924 dampnis
724 847 756 904 et
788 831 963 924 deperditis
987 846 1019 905 et
1045 831 1216 924 arreragiis
1243 837 1338 906 nobrs
1359 859 1415 928 per

289 944 393 1037 ipsnm
419 946 526 1028 illatis,
544 948 584 1017 dc
615 970 679 1036 qno
710 945 843 1016 arbitrio
878 948 918 1016 ab
947 943 1018 1037 ipso
1046 949 1187 1019 tenendo
1216 961 1249 1019 et
1280 947 1414 1021 firmiter

288 1059 493 1150 adimplendo
508 1082 544 1130 se
563 1059 798 1131 constituerunt
819 1058 942 1151 plegios
958 1083 1014 1150 pro
1034 1062 1106 1150 ipso
1126 1063 1260 1144 Thema,
1277 1061 1414 1151 quilibet

289 1171 320 1241 in
335 1173 473 1244 solidum
490 1186 521 1244 et
537 1197 593 1264 por
608 1175 717 1256 fidem,
737 1172 847 1243 Simon
859 1174 899 1243 de
918 1176 1024 1258 Porta,
1045 1173 1195 1264 armiger,
1216 1197 1316 1264 gener
1335 1173 1412 1246 dicti

288 1293 423 1372 Tbome,
451 1303 482 1360 et
510 1289 673 1382 l‘bilippns
715 1288 885 1381 Propositi,
917 1289 998 1361 ciuis
1026 1291 1280 1374 Aurelianensis,
1305 1315 1414 1364 coram

290 1404 461 1476 venerabili
492 1403 558 1475 viro
591 1403 719 1475 ollrciali
743 1404 975 1488 llurelianonsi,
1003 1417 1036 1476 et
1054 1418 1208 1496 qnantum
1228 1408 1267 1476 ad
1295 1408 1356 1478 boc
1380 1430 1417 1479 se

289 1532 529 1611 supposuerunt
562 1518 621 1610 ipsi
655 1518 749 1610 plegii
776 1518 992 1610 jurisdictioni
1019 1519 1098 1590 dicti
1128 1518 1277 1591 olbcialis
1302 1532 1335 1591 et
1360 1541 1417 1612 per

290 1635 397 1716 tidem,
415 1647 507 1724 prout
527 1635 559 1703 in
581 1632 694 1704 littoris
712 1633 789 1704 dicti
808 1633 954 1704 ollacialis
968 1633 1096 1724 plenius
1111 1632 1317 1718 continetur;
1340 1655 1413 1712 nos,

290 1747 397 1816 babitu
416 1750 572 1817 bonorum
589 1746 727 1817 vironrm
749 1746 899 1831 consilio,
920 1745 972 1818 dic
996 1759 1082 1818 certa
1100 1745 1261 1837 assignata
1280 1771 1298 1818 a
1319 1746 1412 1818 nobis

289 1860 375 1930 dicto
389 1864 511 1931 l'bomc
529 1863 567 1931 ad
579 1861 774 1932 audiendum
789 1859 955 1931 arbitrium
976 1883 1033 1932 seu
1045 1863 1241 1932 voluntatem
1256 1874 1414 1944 nostram,

290 1974 375 2045 dicto
395 1979 515 2045 Tboma
536 1990 685 2065 presente
701 1998 808 2046 coram
830 1974 923 2045 nobis
941 1987 973 2045 et
995 1973 1163 2045 arbitrium
1184 1987 1330 2044 nostrum
1358 1996 1416 2044 seu

291 2090 484 2159 uoluntatem
506 2102 648 2159 nostram
665 2090 861 2180 superdicta
881 2085 1089 2160 contentione
1116 2086 1274 2159 instanter
1306 2102 1417 2179 postu-

291 2204 387 2283 lante,
405 2204 573 2271 arbitrium
595 2204 664 2271 sivo
682 2204 878 2272 uoluntatem
905 2209 1048 2272 nostram
1070 2199 1262 2292 protulimus
1278 2198 1309 2269 in
1328 2202 1414 2270 bunc

292 2319 436 2399 modum,
470 2316 614 2388 uidelicet
653 2319 738 2406 pirou
767 2316 850 2388 dicta
870 2315 927 2386 tria
953 2330 1084 2407 arpenta
1116 2330 1212 2402 terro,
1234 2317 1413 2406 dequibus

291 2432 454 2500 contentio
479 2437 578 2502 luerat
596 2434 680 2502 intcr
695 2456 754 2501 nos
768 2446 799 2501 ct
819 2431 924 2523 ipsum
940 2434 1108 2514 Tbomam,
1120 2433 1260 2502 ecclesie
1274 2433 1417 2502 barelia-

292 2544 382 2615 ncnsi
403 2545 503 2634 qrritta
524 2558 556 2616 et
574 2548 671 2616 libera
693 2558 879 2616 remaneant
899 2544 1149 2637 imperpetuum,
1167 2560 1199 2616 et
1217 2547 1304 2635 qnod
1324 2543 1410 2616 idern

291 2662 430 2730 l'bomas
452 2662 498 2728 vcl
520 2662 656 2730 beredes
676 2684 732 2729 scu
751 2682 960 2730 soccessores
978 2659 1026 2729 sni
1048 2658 1079 2729 in
1109 2662 1196 2730 dicta
1216 2674 1298 2730 terra
1323 2661 1417 2730 dece·

292 2787 358 2843 tero
379 2773 476 2843 nicbil
494 2776 632 2843 babeant
651 2797 708 2843 scu
730 2786 850 2864 potant,
873 2774 994 2845 dictum
1010 2777 1164 2844 Tbomam
1181 2796 1236 2863 per
1252 2771 1417 2843 arbitrium

290 2902 435 2957 nostruin
452 2889 727 2977 condampnantcs
740 2891 778 2957 ad
796 2889 993 2959 reddendum
1010 2885 1323 2979 nobisquadraginta
1340 2887 1417 2959 soli-

291 3003 350 3073 dos
381 3001 604 3093 parisiensium
631 3026 688 3093 pro
711 3005 860 3094 expensis
891 3002 981 3073 laetis
1016 3026 1033 3073 a
1070 3004 1163 3074 nobis
1184 3003 1365 3094 peripsum
1386 3015 1419 3074 et

292 3120 464 3189 occasione
480 3115 581 3209 ipsius
602 3118 633 3187 in
650 3116 704 3189 litc
725 3133 810 3189 mota
829 3116 913 3190 inter
937 3141 997 3189 nos
1018 3132 1050 3190 et
1071 3117 1176 3209 ipsum
1198 3117 1320 3191 ratione
1337 3140 1416 3189 con·

293 3229 446 3300 tentionis
467 3230 620 3321 predicte.
636 3231 779 3302 llicimns
794 3231 889 3302 etiam
912 3255 967 3322 per
980 3230 1145 3302 arbitrium
1166 3245 1311 3302 nostrum
1328 3234 1414 3322 qood

293 3342 377 3415 idem
397 3348 536 3415 Tbomas
556 3369 592 3416 se
607 3345 699 3416 laciat
719 3349 853 3430 absolvi,
881 3347 1060 3417 secundum
1081 3348 1167 3437 quod
1197 3344 1258 3416 sibi
1279 3347 1415 3427 videbit,

292 3482 308 3526 a
337 3457 501 3529 sentencia
522 3458 869 3530 excommunicacionis
901 3458 932 3528 in
956 3460 1062 3550 ipsum
1083 3461 1145 3530 lata
1168 3461 1207 3529 ad
1228 3456 1414 3529 instantiam

293 3587 432 3642 nostram
447 3571 619 3644 occasione
639 3572 703 3644 litis
724 3585 810 3644 moto
829 3573 912 3644 inter
933 3597 992 3644 nos
1012 3586 1045 3645 et
1059 3572 1178 3665 ipsum.
1207 3575 1241 3643 ln
1256 3573 1349 3662 crrjus
1369 3571 1414 3643 rei

293 3685 478 3755 memoriam
493 3700 525 3755 ot
546 3685 690 3756 notitiam
711 3709 769 3755 nos
791 3699 958 3775 presentes
970 3687 1092 3757 litteras
1112 3683 1268 3775 sigillis...
1293 3685 1420 3775 (Derbi-

291 3802 378 3886 rore)
413 3822 485 3868 cum
514 3799 619 3889 sigillo
650 3797 738 3869 cirria
768 3797 1006 3869 Aurelianensis
1032 3797 1180 3868 duximus
1205 3798 1416 3868 roborandas.

292 3915 405 3980 llatum
426 3927 457 3982 ct
478 3927 583 3983 actum
614 3937 699 3984 anno
726 3913 851 3984 bomini
881 3917 958 3983 dcc
982 3911 1234 4002 septuagesimo,
1267 3910 1322 3981 die
1341 3912 1419 3981 lune

291 4024 429 4113 proxima
451 4040 523 4114 post
539 4031 654 4098 lestum
674 4031 893 4118 apostolorum
915 4024 1050 4118 Philippi
1068 4038 1101 4097 et
1114 4022 1236 4096 lacobi.

336 4139 490 4212 Godinns.
