3420 5490
779 692 946 754 -tdt-

298 841 359 887 nos
397 832 472 888 ante
508 819 703 908 presentiam
732 816 856 887 domini
893 818 993 888 nostri
1027 818 1186 888 ttuiiieimi
1223 814 1422 890 senonensis

292 930 541 1023 archiepiscopi,
557 933 711 1011 uiuidum
726 929 845 1021 pariter
856 929 1135 1017 convenissemus,
1152 930 1258 1002 audita
1278 929 1362 1002 idem
1377 932 1423 1001 rir

295 1044 485 1115 uenerabilis
517 1044 684 1134 utriusque
713 1030 852 1114 ee‘ciesie
869 1066 980 1123 caum,
1002 1046 1073 1135 ipso
1109 1046 1296 1134 providente
1325 1057 1422 1134 atque

292 1156 486 1248 disponente
505 1157 536 1227 in
551 1162 633 1227 hane
645 1156 847 1227 arrricaiviiem
880 1157 1070 1227 devenimus
1091 1156 1179 1248 pacis
1198 1156 1419 1228 concordiam.

296 1269 441 1339 Preciuru
469 1270 566 1360 igitur
592 1272 704 1340 ultime
735 1269 834 1361 partis
862 1283 971 1361 empto
990 1269 1098 1341 clerici
1121 1273 1356 1361 persolverunt,
1388 1283 1422 1341 et

292 1383 339 1450 sie
361 1396 425 1452 tota
442 1382 493 1452 iiia
514 1397 596 1454 terra
610 1382 763 1475 Stephani
785 1383 941 1454 derruarii
957 1406 1052 1473 quam
1067 1381 1317 1474 supradiximus,
1338 1381 1422 1454 inter

292 1521 352 1567 uns
371 1511 402 1566 et
416 1498 505 1587 ipsos
523 1498 763 1570 commuuisest
778 1501 872 1570 taeta.
893 1504 1015 1569 durans
1028 1510 1126 1569 totam
1142 1510 1259 1569 terram
1273 1520 1365 1569 suam
1380 1501 1421 1570 de

293 1611 362 1680 viiio
376 1613 538 1697 (derilecti,
552 1628 637 1683 extra
651 1637 770 1704 corpus
781 1612 882 1704 ipsius
894 1615 967 1683 viiie
978 1612 1351 1703 etarpennosirospitum
1363 1611 1418 1705 qni

291 1748 419 1816 semper
435 1740 467 1795 ut
484 1741 575 1797 antea
592 1727 624 1797 in
638 1749 750 1797 eurum
775 1726 968 1818 proprietate
989 1727 1236 1818 permanebunt,
1263 1724 1419 1817 reliquam

292 1851 389 1908 totum
406 1839 488 1911 inter
512 1864 572 1910 uos
590 1855 621 1911 et
649 1842 738 1931 ipsos
760 1854 994 1912 concesseruut
1019 1862 1093 1911 erae
1115 1861 1334 1910 communem.
1356 1843 1420 1909 Nos

293 1977 368 2023 veru
388 1953 541 2045 quicquid
562 1957 690 2025 decime
705 1954 736 2025 in
758 1953 902 2046 predicta
933 1952 1003 2022 viiia
1024 1956 1072 2024 vei
1099 1952 1260 2023 territorio
1280 1954 1420 2024 habeba·

293 2090 365 2136 mns
379 2082 410 2137 et
421 2068 574 2159 quicquid
594 2068 624 2138 in
639 2082 720 2138 terra
741 2071 781 2138 de
790 2073 985 2138 Nosemento
997 2082 1029 2136 et
1046 2066 1077 2136 in
1093 2081 1175 2137 terra
1192 2089 1255 2158 qne
1272 2065 1328 2136 fuit
1341 2071 1418 2138 iter·

293 2180 372 2250 herti
392 2183 432 2251 de
448 2186 583 2252 itoscato
596 2197 659 2253 tam
686 2182 716 2251 in
731 2181 868 2272 terragio
883 2204 978 2270 quam
1003 2182 1035 2251 in
1057 2179 1181 2251 decima
1202 2178 1286 2250 inter
1305 2203 1365 2252 nos
1385 2194 1418 2252 et

292 2298 429 2384 prefatos
449 2296 585 2365 ciericos
605 2319 776 2366 commune
790 2317 863 2365 esse
875 2296 1113 2365 concessimus.
1137 2298 1198 2365 iias
1214 2316 1328 2365 omnes
1348 2318 1418 2386 pre·

291 2409 517 2480 dictastcrras
540 2421 659 2478 tames
680 2422 801 2479 nostre
832 2431 927 2487 utram
948 2430 984 2478 er
1024 2408 1214 2479 ciericorum
1249 2421 1338 2498 parte
1374 2410 1416 2479 ita

289 2543 479 2590 communes
499 2521 635 2591 fecimus
652 2535 684 2590 ut
703 2536 805 2591 totum
819 2523 1007 2612 terragium,
1019 2521 1156 2598 decima.
1170 2518 1313 2611 justicia,
1331 2533 1417 2590 totus

287 2633 420 2704 omnino
433 2658 542 2705 earum
559 2641 722 2725 protectus
735 2658 866 2724 utroquo
887 2638 984 2705 modo
1005 2638 1172 2725 proveniat
1192 2633 1275 2704 inter
1304 2657 1364 2706 nos
1386 2647 1418 2705 et

287 2747 422 2817 ciericos
442 2747 600 2837 equaiiter
620 2763 715 2838 atque
731 2748 867 2818 tideiitcr
888 2773 944 2839 per
958 2747 1099 2818 medium
1116 2746 1297 2818 dividatur:
1315 2747 1419 2818 scien·

287 2864 362 2929 duur
376 2885 503 2951 quoqne
523 2862 596 2952 quia
613 2866 695 2933 iid0‘
712 2866 822 2933 oscine
841 2887 905 2953 que
924 2863 1025 2932 vicine
1041 2866 1165 2933 cuiture
1186 2878 1296 2934 nostre
1326 2874 1418 2932 erant

287 2973 318 3043 in
333 2990 439 3044 nostra
453 2977 647 3068 proprietate
657 3001 785 3067 semper
798 2979 1023 3058 remanebunt,
1038 2980 1111 3068 quia
1138 3002 1195 3069 pro
1207 2976 1286 3068 ipsis
1301 2999 1417 3048 conre-

288 3090 428 3160 nienteuv
449 3091 579 3162 clericis
592 3092 728 3163 iecivuus
746 3092 1028 3184 permutationem.
1053 3097 1117 3164 iioe
1150 3091 1245 3164 etiam
1267 3092 1417 3165 addimus

286 3206 359 3294 qnia
380 3205 531 3296 quicqnid
553 3231 611 3298 pro
625 3207 717 3277 terris
739 3206 810 3276 istis
838 3206 1067 3277 communibus
1099 3205 1165 3277 sive
1188 3230 1244 3297 pro
1280 3205 1413 3279 mestiva

288 3319 538 3408 presbiterorum
557 3321 623 3391 sive
640 3345 696 3411 pro
726 3321 922 3391 enuntiatione
942 3321 1078 3391 ruditum
1112 3343 1216 3410 usqne
1251 3322 1290 3391 ad
1329 3323 1415 3392 diem

289 3431 374 3524 pacis
393 3437 487 3521 iurjns
506 3457 522 3503 a
545 3435 637 3503 nobis
658 3437 839 3504 solvebatur
853 3439 892 3503 de
906 3435 1070 3504 cummuni
1090 3449 1152 3504 tam
1184 3447 1295 3505 nostra
1321 3457 1416 3526 quam

287 3549 478 3615 clericorum
500 3570 625 3616 annona
642 3547 795 3636 deinceps
816 3550 977 3617 reddetur.
1007 3551 1052 3617 De
1066 3547 1222 3638 predictis
1243 3545 1413 3618 territuriis

288 3659 428 3747 istisque
438 3659 620 3729 communia
637 3659 791 3750 deinceps
802 3675 907 3743 enrnt,
927 3675 1028 3729 terras
1044 3684 1125 3749 quas
1138 3658 1287 3730 homines
1300 3663 1417 3730 Sancte

287 3771 398 3839 Crucis
418 3774 584 3841 eoinerant
602 3775 706 3842 cedent
722 3773 920 3857 etJromiucs
943 3771 1045 3842 sancti
1068 3769 1240 3843 tueremini
1270 3769 1418 3842 similiter

286 3909 373 3955 strae.
404 3892 560 3955 tiraneam
587 3908 793 3956 communem
825 3886 1055 3958 communibus
1083 3885 1235 3979 expensis
1260 3899 1324 3957 tam
1355 3908 1416 3957 noa

285 4023 379 4088 quam
400 3998 507 4068 elerici
529 3998 647 4089 pariter
660 4014 899 4069 construemus.
922 4005 1082 4090 tempore
1097 4000 1253 4071 messium
1278 4003 1318 4070 ad
1339 4023 1416 4070 corr·

286 4116 463 4199 erogandas
483 4125 515 4180 et
532 4111 761 4182 custodiendas
780 4136 904 4183 messes
919 4113 1113 4183 servientem
1140 4126 1285 4184 nostrum
1315 4135 1414 4204 pone·

286 4248 357 4291 mus
377 4225 552 4313 clericique
571 4248 665 4292 sunm
681 4224 734 4313 spui
752 4223 937 4294 tideiitatcm
958 4227 1054 4293 vvobis
1075 4226 1182 4304 iamet,
1201 4239 1312 4295 nostro
1324 4225 1414 4295 simi·

287 4336 357 4403 liter
378 4339 461 4404 idern
483 4337 693 4405 cisiarieute.
719 4339 1012 4428 tteiiquotempore
1036 4362 1134 4407 unum
1164 4341 1212 4408 rei
1239 4341 1321 4408 duos
1348 4360 1413 4408 ser-

292 4454 412 4521 vientes
427 4453 642 4522 comurnniter
655 4453 826 4540 eligemus.
848 4454 901 4544 qui
918 4460 998 4523 tacta
1021 4470 1084 4523 taut
1099 4453 1193 4524 nobis
1213 4479 1309 4545 quam
1321 4455 1414 4526 cieri·

288 4567 335 4635 ris
351 4570 501 4636 tidetitate
515 4570 554 4635 de
566 4567 737 4638 iurisiactis
749 4583 779 4638 et
790 4568 921 4659 justicia
936 4582 968 4638 et
983 4568 1163 4641 redditibus
1183 4571 1222 4640 ad
1238 4569 1414 4661 predictam

288 4695 401 4750 terram
423 4704 630 4753 communem
651 4682 887 4772 pertinentibus
902 4705 1011 4752 curam
1028 4684 1192 4754 habebunt
1210 4696 1243 4754 et
1268 4683 1362 4755 nobis
1382 4698 1414 4755 et
