3420 5490
751 1084 945 1147 CCCXXXlX

716 1388 755 1451 ts
775 1387 881 1468 putum
901 1383 981 1448 terr

288 1644 541 1714 Reconnnissonce,
558 1658 608 1712 pur
621 1646 753 1696 sentence
775 1640 906 1696 arbitrale
927 1640 965 1696 du
989 1641 1126 1714 chspilro‚
1141 1641 1180 1697 du
1204 1641 1279 1698 droit
1296 1641 1334 1698 dn
1349 1642 1416 1698 cnrd

323 1742 357 1795 de
372 1740 476 1795 Mordid
489 1740 505 1794 d
519 1756 556 1793 un
575 1739 668 1792 muido
683 1739 717 1792 de
733 1738 777 1792 uin
793 1754 842 1792 sur
856 1738 881 1792 le
898 1737 972 1792 dlme
993 1738 1031 1793 du
1051 1738 1199 1810 cbspltre;
1217 1738 1287 1794 meis
1311 1736 1416 1793 durent

324 1839 349 1892 lu
364 1836 406 1889 uie
422 1835 456 1890 do
475 1837 536 1905 Guy
554 1835 630 1901 Fabi,
653 1834 800 1900 clronoine‚
822 1834 994 1890 decimanus
1008 1835 1112 1906 nctucl,
1126 1834 1153 1890 le
1166 1835 1233 1891 curd
1251 1848 1365 1890 recente
1379 1849 1415 1888 en

324 1931 544 2003 representation
559 1933 576 1986 5
591 1947 657 1986 sous
672 1930 782 2000 parisis.

519 2076 612 2146 (Ouig.
633 2092 657 2130 s.
673 2075 769 2146 purch.
783 2075 868 2130 decb.
885 2074 923 2129 dn
941 2074 1044 2143 loiret,
1061 2075 1095 2130 (l.
1110 2071 1185 2145 3⁴7.)

334 2290 494 2363 llniuersis
517 2303 683 2382 presentes
705 2290 826 2361 litteras
846 2289 1044 2381 inspecturis
1070 2291 1215 2361 decanus
1242 2301 1275 2359 et
1292 2288 1416 2381 capitu·

290 2411 354 2477 lum
376 2405 621 2477 durelimrenses
648 2407 784 2474 solertem
811 2405 845 2473 in
875 2402 1025 2476 Domino.
1060 2402 1218 2476 Noveritis
1237 2405 1415 2496 quodcum

290 2520 460 2593 contencio
473 2534 649 2591 uerteretur
669 2518 751 2591 inter
777 2521 955 2590 lotronnem
976 2520 1017 2589 dc
1033 2517 1184 2601 vitriaco,
1203 2519 1417 2610 presbiterum

290 2649 445 2706 rectorem
467 2633 604 2705 ecclesie
625 2636 665 2704 de
686 2632 836 2714 dardeis,
856 2655 966 2704 eruno
988 2645 1089 2722 porte,
1111 2630 1260 2723 ctrirum
1282 2655 1418 2704 renero-

290 2751 386 2820 bilem
408 2750 574 2818 dominum
600 2746 772 2816 Guiordom
804 2747 926 2816 dictum
947 2744 1036 2828 Fabi.
1063 2744 1320 2818 concanonicum
1342 2770 1419 2819 nos-

290 2876 386 2940 trum,
408 2860 462 2951 quui
484 2883 570 2930 nune
592 2873 680 2929 tenet
698 2859 854 2929 decimum
890 2870 1032 2928 nostrum
1052 2861 1092 2930 de
1112 2862 1248 2931 llardeio
1268 2881 1286 2930 a
1309 2861 1418 2946 nobis,

291 2976 420 3047 nomine
450 2988 560 3044 nostro
586 2987 618 3044 et
646 2971 784 3044 ecclesie
819 2987 929 3044 nostre
959 2971 1210 3057 Aurelianensis,
1250 2996 1287 3046 er
1305 2977 1419 3062 attero,

291 3113 446 3182 supereo
467 3089 714 3179 videlicetqnod
747 3087 852 3159 dictus
884 3087 1042 3178 presbiter
1060 3089 1129 3161 siue
1158 3101 1263 3160 rector
1293 3088 1421 3163 dicebat

291 3229 325 3276 se
348 3208 464 3275 babere
485 3228 583 3272 unum
604 3205 747 3274 modium
764 3202 827 3272 vini
853 3202 885 3272 in
902 3202 1026 3273 decima
1047 3201 1190 3295 predicto
1208 3226 1295 3275 anne
1314 3205 1420 3296 quoli-

293 3322 345 3391 bet
364 3318 395 3388 in
428 3317 609 3396 vindemiis,
641 3329 673 3387 et
707 3319 958 3408 predecessores
976 3338 1054 3387 suos
1077 3315 1108 3387 in
1128 3316 1212 3388 dicte
1231 3319 1370 3390 ecclesio
1385 3317 1418 3389 in

294 3433 500 3525 possessione
539 3432 638 3501 luisse
671 3454 688 3500 a
727 3444 871 3521 tempore
899 3432 992 3522 cujus
1030 3429 1184 3502 memorio
1218 3453 1282 3501 non
1312 3428 1420 3503 existit

293 3546 430 3617 babendi
451 3558 482 3617 et
507 3542 704 3635 percipiendi
737 3542 856 3614 dietum
878 3544 1021 3615 modium
1048 3542 1109 3613 uini
1131 3542 1262 3615 nemine
1281 3544 1420 3617 ecclesie

292 3684 363 3742 sue,
397 3659 484 3730 dicto
517 3658 673 3729 cerronico
711 3656 907 3728 contrarium
935 3671 1126 3742 usserente;
1159 3658 1288 3729 tandem
1325 3661 1420 3730 umbe

293 3789 397 3865 portes
426 3787 581 3864 qutantnm
611 3775 651 3842 ad
683 3770 823 3862 predicto
862 3794 897 3842 se
929 3774 992 3842 otte
1026 3785 1058 3841 et
1093 3773 1188 3842 basse
1218 3769 1418 3844 ordinacioni

292 3902 400 3959 nostre
417 3899 658 3978 supposuerunt
682 3900 713 3956 et
742 3887 826 3976 quod
847 3887 888 3956 de
909 3883 1077 3976 premissis
1097 3885 1320 3957 ordinaremus
1340 3909 1419 3976 pro-

293 4004 451 4073 miserunt
468 4003 529 4070 lule
544 3999 647 4070 inertia
669 3998 894 4070 inuiolabiliter
908 4011 1103 4071 servaturos.
1122 4002 1185 4070 Nos
1200 4022 1287 4082 sero,
1306 3997 1421 4072 utrius·

293 4139 355 4206 que
370 4116 518 4204 precibus
533 4113 717 4183 nacionibus
731 4112 957 4195 consideratis,
977 4114 1123 4203 pluribus
1138 4111 1239 4182 eciem
1253 4114 1418 4202 conjectu·

294 4228 337 4297 ris
366 4241 397 4295 et
427 4224 725 4314 presumptionibus
755 4222 1039 4294 vehementissime
1055 4247 1111 4314 pro
1130 4222 1218 4293 dicto
1239 4222 1419 4313 presbitero

295 4337 484 4409 facientibus
509 4335 693 4418 intellectis,
714 4338 921 4406 attendentes
947 4334 1048 4406 eciam
1068 4337 1153 4424 quod
1175 4334 1258 4406 dieta
1282 4334 1420 4408 ecclesie

293 4454 331 4520 od
362 4449 565 4520 collationem
595 4463 736 4518 nostrum
777 4451 871 4539 pleno
899 4450 970 4539 jure
996 4460 1122 4539 spectat
1155 4462 1186 4518 et
1219 4449 1293 4520 ideo
1312 4451 1419 4523 eidem

293 4564 431 4636 ecclesie
464 4589 525 4634 non
558 4562 719 4634 immerito
750 4566 821 4653 plus
842 4575 1001 4642 tenemur,
1024 4560 1199 4653 predictam
1223 4560 1417 4635 discordium

294 4681 341 4750 sic
362 4677 511 4749 duximus
533 4678 763 4750 terminandum
786 4675 1031 4769 videlicetqnod
1053 4673 1209 4768 predicto
1228 4675 1338 4750 modio
1356 4675 1421 4748 riui
