3420 5490
807 1054 890 1117 CCL!

339 1300 355 1347 s
696 1322 797 1385 uaros
818 1322 1022 1404 otutnteer

287 1547 340 1604 Les
349 1545 470 1618 ovoque·
482 1545 517 1600 tle
531 1544 610 1600 Poris
619 1549 647 1600 et
660 1542 696 1600 tle
711 1545 819 1613 Morus,
835 1545 952 1618 deputes
966 1561 1028 1600 vere
1042 1544 1069 1599 lo
1081 1541 1124 1599 roi
1139 1558 1189 1616 pur
1214 1543 1241 1600 lo
1253 1543 1361 1600 oonoile
1376 1544 1413 1602 do

325 1643 352 1697 lu
367 1642 496 1709 province
510 1641 546 1696 de
567 1642 648 1711 Sene,
666 1641 831 1697 obtieunent
843 1642 878 1697 tle
900 1641 941 1697 lui
953 1640 1021 1714 qu'il
1045 1639 1161 1696 restitue
1184 1640 1226 1696 les
1247 1655 1334 1711 urgeo
1361 1640 1415 1697 des

324 1737 464 1810 ohepitree
477 1736 513 1793 tle
527 1738 608 1806 Seue,
624 1737 745 1793 Orllans
766 1742 792 1792 et
808 1740 934 1794 lluterre
946 1743 975 1793 el
996 1753 1027 1793 re
1042 1737 1143 1793 desiste
1165 1737 1280 1809 lusqu'l
1304 1736 1412 1793 noorel

325 1831 409 1889 ordre
421 1830 457 1887 tle
471 1848 501 1887 ru
513 1832 652 1888 demando
662 1833 697 1888 de
705 1848 822 1889 seooure
836 1833 926 1890 orme.

537 1977 630 2049 (Orig.
653 1996 678 2032 s·
695 1978 791 2051 purch.
807 1977 892 2033 Aeoli.
909 1977 973 2033 Nol.
988 1976 1015 2034 1.
1032 1977 1104 2033 Ὧδε
1121 1978 1163 2049 2.)

382 2097 465 2167 (Pub.
476 2097 583 2164 Toulel,
599 2097 725 2169 boueltes
739 2096 780 2152 du
795 2096 898 2152 πέσον
913 2096 962 2152 der
975 2098 1100 2165 enarrer,
1116 2102 1136 2153 l.
1152 2097 1191 2166 11,
1206 2115 1234 2172 p.
1248 2097 1324 2167 8⁴6).

336 2311 497 2385 linitersis
522 2325 688 2403 presentes
713 2312 834 2383 litteras
859 2310 1051 2402 inspecturis
1076 2311 1290 2406 G[uillelnrusl
1327 2312 1417 2384 turt-

291 2424 422 2512 eiensie,
441 2427 582 2518 P[etrus]
603 2423 773 2495 lleltlensis
785 2425 844 2495 [lei
862 2426 963 2514 gratio
978 2422 1134 2517 episcopi,
1151 2429 1286 2497 sulutem
1303 2424 1336 2496 in
1352 2430 1417 2499 llo·

292 2539 393 2609 utino.
414 2542 529 2610 Notum
549 2538 685 2607 lucinius
715 2539 799 2628 qrtotl
820 2559 893 2607 oum
917 2536 1108 2608 karissimus
1128 2537 1279 2610 dorninus
1304 2554 1417 2611 noster

293 2651 484 2735 ludovicus,
499 2654 693 2720 Francorum
712 2672 766 2720 rex
785 2648 929 2729 illustris,
964 2664 1085 2720 teneret
1106 2650 1239 2741 pignora
1255 2652 1413 2743 oepitulo·

293 2783 363 2831 rum
378 2758 505 2830 seilicet
522 2758 732 2843 Senoneneis,
753 2758 991 2831 Aurelianensis
1004 2774 1037 2831 et
1049 2759 1338 2834 Autissiodorensis
1352 2785 1413 2855 uro

293 2872 409 2947 ouxilio
428 2872 586 2945 exereitus
605 2877 689 2965 quotl
711 2876 840 2966 petebat
866 2876 906 2944 oli
926 2872 987 2958 eis,
1018 2896 1091 2959 nos,
1121 2873 1225 2946 uuntii
1255 2875 1347 2948 inisti
1374 2878 1415 2949 etl

294 3012 367 3062 eutn
395 2986 760 3080 toonoilionrovinoie
789 2987 999 3072 Sunonensis,
1031 2987 1281 3080 etruplioutitnue
1309 2990 1417 3065 eitleot

294 3105 426 3180 domino
445 3106 512 3196 regi
528 3127 565 3176 er
579 3118 667 3196 parte
681 3104 811 3175 concilii
830 3119 861 3176 et
877 3127 914 3176 er
926 3117 1014 3197 parte
1032 3118 1142 3176 nostru
1161 3106 1246 3197 quotl
1262 3105 1348 3178 tliote
1364 3106 1415 3201 pi·

293 3242 392 3314 gnere
412 3221 572 3306 redderet,
593 3233 626 3290 et
650 3217 799 3289 auxilium
824 3220 910 3309 quod
931 3222 1057 3311 petebat
1084 3220 1116 3289 in
1136 3242 1193 3290 ouo
1230 3222 1419 3295 sufferentie

295 3348 429 3429 uoueret
443 3332 597 3424 quamdiu
631 3334 724 3403 vellet
743 3347 776 3402 et
796 3334 975 3403 eeouutlum
1001 3333 1087 3424 quotl
1112 3331 1141 3403 ei
1162 3334 1313 3425 placeret.
1345 3336 1420 3427 lpse

295 3471 384 3532 uero,
406 3450 545 3536 benigue
561 3468 600 3515 oo
619 3438 793 3515 liberaliter
813 3444 934 3514 uostris
949 3445 1099 3535 procilius
1112 3444 1338 3536 acquiescens,
1360 3470 1420 3541 pro

295 3584 404 3633 aurore
419 3575 565 3631 nostrum
583 3562 734 3641 duorum,
756 3556 886 3649 pignora
918 3558 1101 3648 supradicto
1128 3558 1267 3631 rotltlitlit
1290 3574 1324 3631 et
1350 3559 1420 3633 tlie·

297 3691 363 3747 tunt
386 3673 537 3747 auxilium
569 3678 603 3744 iu
623 3696 680 3743 suu
711 3671 908 3759 sullereutiu,
943 3670 1028 3744 siout
1054 3676 1175 3743 dietum
1204 3688 1268 3757 est,
1295 3674 1418 3768 posuit,

296 3793 384 3861 salto
400 3792 473 3880 jure
487 3810 548 3858 suo
563 3788 595 3857 iu
613 3787 765 3858 oniniuus
794 3799 826 3857 et
841 3808 898 3876 per
911 3784 1031 3858 omniu.
1053 3790 1087 3857 ln
1102 3789 1194 3877 cujus
1219 3784 1264 3859 rei
1293 3810 1419 3859 memo·

295 3902 374 3975 riurn
400 3916 587 3995 perpetuom
621 3899 823 3992 presentibus
852 3899 969 3970 litteris
998 3898 1101 3991 sigillo
1126 3912 1236 3972 nostro
1266 3899 1417 3974 tluriutus

293 4019 497 4111 opponendo.
519 4022 631 4087 lotum
650 4035 736 4086 euno
760 4013 888 4085 Domini
908 4016 1062 4085 ttccltltx
1087 4012 1238 4106 septimo,
1259 4014 1312 4087 ute
1332 4038 1417 4087 rner-

295 4129 336 4203 tio
349 4130 489 4224 proximo
508 4145 583 4201 oute
598 4131 717 4200 lestum
736 4125 839 4198 senui
860 4130 1003 4198 Barnube
1018 4125 1167 4218 apostoli.
