3420 5490
763 684 942 750 -173-

289 810 382 880 istam
404 811 541 881 laudavit
566 824 599 882 ot
618 811 717 883 uoluit
743 825 776 883 ot
795 835 832 882 er
856 826 945 902 parte
971 833 1029 882 sua
1056 811 1220 883 hominem
1240 812 1416 903 appellauit

289 924 460 994 liebertum
482 928 630 994 suavem.
657 928 720 995 Nos
739 947 825 1005 vero,
848 925 888 994 de
916 925 1008 1013 eujus
1027 925 1122 994 leudo
1143 923 1274 1013 majoria
1296 937 1364 995 erat
1382 938 1414 996 et

287 1050 350 1118 est,
370 1035 549 1126 pactionem
567 1035 660 1106 istam
682 1037 881 1106 laudavimus
901 1050 933 1106 et
953 1036 1134 1119 laudamus,
1153 1033 1414 1107 cotrirmauimus

287 1160 319 1218 et
338 1148 675 1220 confirmamussaivis
695 1147 985 1220 consuetudinibus
1007 1145 1146 1219 ecclesis
1165 1153 1282 1220 Sancte
1302 1148 1414 1222 Crucis

286 1275 318 1332 et
336 1264 398 1332 sul)
413 1264 616 1333 anathemate
642 1261 809 1353 posuimus
842 1273 873 1332 ct
901 1259 1053 1353 ponimus
1081 1283 1195 1333 omnes
1224 1260 1278 1352 qui
1305 1259 1410 1333 eidem

286 1372 439 1447 Reinaldo
459 1379 508 1447 vel
529 1376 703 1447 heredibus
722 1373 791 1447 suis
811 1380 844 1447 ln
867 1374 927 1447 ltac
947 1389 1035 1467 parte
1060 1374 1092 1446 in
1113 1378 1288 1468 dampnum
1303 1374 1413 1449 extite-

286 1487 361 1559 rint.
384 1488 463 1561 iiuic
487 1504 594 1563 antem
615 1489 754 1582 pactioni
778 1488 990 1562 interfuerunt
1011 1487 1101 1561 multi
1116 1502 1179 1561 tam
1192 1488 1300 1562 cimici
1315 1513 1411 1582 quam

285 1602 356 1675 laici
374 1628 511 1696 quorum
532 1605 662 1676 uomina
677 1604 858 1696 subscripta
879 1605 1108 1677 continemur:
1129 1606 1271 1677 Andreas
1298 1617 1412 1676 cantor

286 1722 401 1789 Sancte
421 1718 543 1806 Crucis,
564 1724 758 1792 ilarascotus
777 1717 1036 1804 arciritiiaoonns,
1059 1720 1211 1790 iladollus
1223 1731 1408 1801 succentor,

286 1833 461 1903 Evocandus
497 1832 693 1926 prepositus,
731 1837 820 1926 liugn
850 1831 961 1917 viator,
994 1833 1183 1904 Guillclmns
1213 1831 1340 1902 iiiliardi
1379 1845 1411 1904 et

284 1946 447 2017 iohannes
486 1950 582 2018 irater
611 1950 695 2037 ejus,
719 1948 881 2017 lohannes
913 1948 1101 2027 i’itariseus,
1133 1947 1307 2016 lietbertus
1334 1948 1411 2016 i‘or·

285 2060 398 2146 celius,
424 2063 563 2131 Thomas
592 2064 633 2131 de
660 2059 823 2142 Marciaco,
845 2065 993 2151 i‘aganus
1014 2062 1053 2130 de
1085 2056 1240 2141 liaceriis,
1262 2062 1409 2149 Paganus

285 2169 389 2257 Canis,
406 2176 517 2242 i‘etrus
532 2174 572 2243 de
587 2173 686 2256 cotie,
706 2175 948 2242 iiartiroinmeus
960 2173 1000 2243 de
1013 2173 1114 2254 Colle,
1126 2174 1239 2242 Petrus
1259 2174 1407 2253 Lenters,

285 2283 434 2354 (litardus
456 2287 604 2371 Bonnam,
620 2286 752 2354 ilardus
769 2289 902 2374 iugum,
925 2287 1036 2354 Petrus
1067 2281 1295 2364 iiartlroiomei,
1316 2282 1407 2373 lingo

284 2401 443 2485 (launoius,
476 2397 641 2493 Phiiippus
666 2402 706 2470 de
724 2398 834 2484 Gubri,
856 2401 1038 2471 ilernardus
1071 2401 1230 2484 Barnous,
1252 2400 1409 2469 ilartinus

283 2518 321 2588 do
343 2514 438 2600 Clari,
453 2520 616 2588 lolianncs
637 2516 768 2601 Cluuius,
790 2519 902 2588 i’etrus
918 2518 958 2589 de
978 2512 1170 2588 ilontelrurri
1188 2528 1221 2587 et
1243 2517 1408 2587 iohannes

283 2634 377 2704 irater
391 2634 474 2723 ejus,
496 2630 683 2704 laurentius
703 2636 821 2724 Coqus,
843 2634 1002 2703 liubertus
1019 2633 1119 2722 maior
1144 2632 1185 2701 de
1206 2634 1310 2715 Petra,
1330 2633 1404 2703 0do

282 2748 439 2827 ilorellns,
462 2750 618 2818 ilobertns
645 2750 792 2836 icogers,
813 2744 971 2818 Gallonius
991 2743 1022 2816 ii
1038 2748 1136 2828 clers,
1156 2747 1308 2815 Girardus
1330 2748 1408 2816 Foa·

281 2859 399 2943 cerins,
421 2860 562 2950 lingone
582 2861 745 2942 llarniaco,
760 2857 953 2929 Benedictus
973 2861 1014 2929 de
1027 2858 1126 2940 Colle,
1141 2859 1239 2927 iidam
1253 2858 1293 2928 de
1305 2858 1404 2927 Colle.

282 2974 373 3056 Quod
394 2985 428 3042 ut
447 2975 572 3042 firmum
592 2971 731 3063 posteris
756 2984 789 3042 et
808 2970 1038 3043 inconcussum
1055 2982 1194 3054 maneat,
1216 2967 1313 3060 sigilii
1331 2992 1406 3041 nos·
1507 2973 1508 2976 ’

281 3086 319 3156 tri
339 3085 527 3158 attctoritate
544 3110 679 3179 presens
698 3086 855 3178 scriptum
876 3084 1159 3159 communivimus.

809 3450 873 3513 xci

801 3728 880 3789 iiiii

307 3952 509 4009 L'arciridiacrc
531 3951 678 4009 d’Orldans
703 3953 823 4008 lierbert
836 3955 972 4008 conlirme
988 3953 1013 4008 ia
1028 3952 1160 4009 donation
1174 3940 1209 4010 rie
1223 3954 1328 4026 i'egiiss
1339 3956 1375 4011 de

278 4048 445 4104 Citiiieursti
460 4048 486 4104 la
510 4047 617 4104 maison
633 4047 668 4103 de
681 4047 707 4103 ia
719 4048 852 4103 Gerraise
866 4054 893 4103 ot
903 4048 1082 4120 l’exemption
1093 4048 1129 4106 ds
1141 4048 1245 4120 synode
1254 4055 1281 4107 st
1292 4050 1327 4106 do
1337 4051 1402 4122 gite.

383 4181 390 4195 ’
515 4213 603 4284 (erig.
619 4230 643 4268 s.
657 4213 751 4282 paron.
765 4213 850 4267 uren.
864 4187 904 4269 'au
919 4214 1025 4282 norror,
1042 4214 1075 4268 u.
1091 4213 1167 4283 anu.
1252 4194 1254 4197 ’

323 4431 409 4504 iicet
445 4428 665 4503 universorum
705 4429 846 4502 idolium
878 4432 1006 4503 dovotio
1039 4430 1183 4502 Ecclesio
1220 4427 1402 4502 commodis

280 4545 477 4619 incessanter
508 4561 618 4619 eterne
643 4545 915 4620 remunerationis
940 4545 1057 4618 intuitu
1084 4544 1251 4638 invigilare
1271 4547 1398 4628 debeat,

280 4661 311 4732 id
331 4675 435 4736 tamen
460 4661 667 4735 sollicitudini
688 4686 800 4736 eorum
825 4660 998 4756 specialius
1028 4661 1185 4734 incumbit
1213 4659 1269 4753 qni
1300 4663 1417 4784 eccle·¹
