3420 5490
766 738 802 748 ..
825 700 884 766 322
907 738 944 747 ..

296 842 456 918 presentia
471 827 658 910 constituta,
684 825 980 917 impignoraiernnt
999 826 1138 917 capitulo
1172 831 1289 898 Sancte
1308 824 1423 897 Crucis

294 940 532 1012 Aurelianensis
569 939 722 1032 quicquid
766 942 885 1010 lralrerrt
917 938 948 1009 iu
989 939 1114 1011 decima
1149 942 1189 1011 dc
1230 943 1343 1011 llneto
1380 962 1420 1011 er

293 1054 469 1124 irereditnte
489 1054 574 1124 dicte
595 1052 779 1135 tleeliue,ut
793 1040 994 1136 asserebant,
1014 1066 1177 1138 mouente,
1192 1076 1249 1143 pro
1268 1050 1419 1123 ducentis

292 1163 383 1233 lilrris
411 1164 655 1253 parisiensibus,
688 1166 749 1233 lide
774 1162 930 1253 corporali
963 1162 995 1232 iu
1024 1186 1120 1233 rrrauu
1140 1178 1250 1234 nostra
1284 1166 1418 1255 prestita

293 1274 425 1344 tirmiter
439 1273 663 1364 promittentes
678 1277 763 1363 qnod
780 1286 891 1343 contra
906 1272 1024 1342 dictum
1042 1272 1344 1364 irnpignorationem
1359 1295 1418 1365 per

291 1407 327 1455 se
348 1388 396 1456 uel
417 1407 473 1475 per
491 1383 572 1455 alios
590 1408 654 1456 uon
675 1384 834 1470 verrirent,
865 1384 963 1454 irnmo
990 1391 1142 1474 prelatam
1162 1384 1319 1455 decimam
1336 1387 1418 1477 jaru-

291 1497 377 1567 dicto
408 1495 548 1586 capitulo
579 1498 775 1586 garentireut
803 1494 945 1587 legitime
976 1510 1088 1568 contra
1113 1519 1228 1568 onrnes
1260 1496 1416 1588 quamdiu

290 1612 419 1680 duraret
435 1608 661 1701 impignoratio
673 1609 868 1700 supradicta.
885 1612 980 1680 l‘nlco
992 1624 1100 1680 autern
1113 1611 1153 1681 de
1166 1614 1291 1693 dinero,
1308 1608 1415 1696 miles,

291 1727 330 1793 dc
350 1726 443 1813 cujus
464 1724 559 1792 leodo
575 1721 659 1792 dicta
679 1720 804 1793 decima
824 1744 952 1793 mouere
974 1722 1152 1805 dicebatur,
1177 1722 1417 1815 impignoratio·

288 1858 362 1906 uern
383 1840 550 1927 prefatam,
570 1838 609 1905 ad
631 1834 819 1925 petitionem
831 1834 987 1907 lolraunis
1002 1851 1033 1906 et
1052 1835 1181 1907 decline
1201 1838 1309 1908 uxoris
1328 1838 1412 1928 eius,

292 1966 454 2038 tamquam
492 1949 644 2018 dominus
683 1947 829 2031 leudulis,
869 1946 1165 2039 quocienscumque
1197 1971 1279 2038 opus
1300 1951 1412 2038 luerit,

291 2059 501 2152 garantizalrit
519 2060 659 2152 capitulo
686 2075 878 2134 memorato.
905 2065 950 2132 [le
969 2086 1032 2153 qus
1056 2064 1159 2133 cciarn
1178 2059 1327 2153 garaucia
1347 2084 1418 2157 pre

290 2174 377 2248 dicto
397 2173 538 2268 capitulo
558 2199 656 2268 super
674 2178 786 2247 eadem
814 2174 937 2248 decima
967 2175 1110 2249 lacieuda
1138 2190 1171 2248 et
1200 2180 1242 2248 de
1267 2174 1418 2270 dampnis

291 2290 358 2361 sire
384 2289 573 2384 deperditis,
607 2290 633 2361 si
665 2314 728 2383 que
765 2288 849 2361 idern
883 2294 1061 2382 capitulum
1091 2313 1148 2383 pro
1181 2294 1307 2363 delectu
1336 2290 1415 2365 dieti

289 2400 445 2472 lolianuis
465 2404 513 2472 iel
534 2401 661 2473 tlceliue
682 2407 791 2473 uxoris
819 2406 889 2493 ejus
917 2402 1104 2489 sustineret,
1135 2402 1241 2474 eidem
1271 2402 1415 2495 plenarie

291 2511 513 2595 restituendis,
534 2517 696 2584 iolrauues
729 2517 769 2584 de
804 2513 969 2595 Cureiaco,
1004 2514 1148 2585 l'erricus
1178 2518 1219 2586 de
1249 2518 1415 2603 Corceles,

294 2627 450 2695 llolrertus
479 2627 519 2695 de
549 2625 751 2715 ilungacuria
782 2641 814 2696 et
846 2630 943 2695 lldam
974 2629 1014 2697 de
1045 2628 1258 2698 llonteleardo
1292 2626 1418 2718 junior,

293 2739 425 2819 milites,
456 2759 492 2808 se
522 2760 578 2829 pro
606 2736 700 2808 dietis
731 2741 875 2808 lolrannc
903 2752 935 2809 et
961 2740 1090 2810 leelina
1120 2760 1216 2809 uxore
1244 2741 1316 2829 ejus
1342 2760 1419 2831 erga

294 2848 473 2942 predictum
489 2850 663 2940 capitulum
680 2851 803 2942 plegios
822 2865 854 2920 et
873 2848 1006 2942 quililret
1021 2849 1052 2919 iu
1069 2852 1207 2920 solidum
1222 2850 1418 2941 obligarunt,

295 2968 358 3035 lide
373 2962 475 3034 media
495 2962 718 3054 promittentes
733 2966 818 3054 quod
832 2962 859 3034 si
873 2962 1072 3055 sepedictum
1088 2966 1264 3057 capitulum
1277 2966 1417 3057 dampus

293 3077 398 3168 aliqua
426 3079 473 3147 vel
501 3076 666 3167 deperdita
697 3100 754 3167 pro
771 3080 896 3148 delectu
924 3076 998 3146 dieti
1031 3080 1188 3148 lobannis
1214 3081 1263 3149 iel
1288 3076 1419 3149 decline

298 3189 404 3261 uxoris
418 3192 489 3279 ejus
508 3188 709 3272 sustinuerit,
724 3189 801 3280 ipsi,
822 3189 901 3259 inira
921 3206 995 3261 octo
1009 3190 1080 3260 di'es
1101 3204 1308 3282 posteaquam
1322 3213 1423 3283 snper

297 3307 358 3374 lroc
379 3302 496 3373 luerint
516 3302 676 3394 requisiti,
700 3306 783 3394 apud
804 3308 951 3395 Stampas
967 3306 1165 3394 corporalem
1186 3308 1342 3376 teuelrunt
1361 3306 1425 3397 pri·

298 3416 436 3501 sionem,
454 3420 557 3486 donec
577 3416 681 3487 eidem
698 3417 837 3506 capitulo
852 3440 949 3507 super
963 3417 1111 3507 ‹lanrpnis
1126 3416 1188 3488 illis
1201 3434 1234 3489 et
1247 3420 1426 3511 deperditis

299 3529 394 3601 luerit
421 3528 562 3621 plenarie
581 3529 792 3599 sutislactum.
816 3528 998 3600 paternitati
1024 3545 1130 3602 auteur
1153 3548 1258 3603 vestre
1276 3530 1425 3623 siquiden

300 3646 385 3737 quod
407 3667 479 3734 ego,
502 3647 540 3714 ad
560 3646 744 3715 mandatum
766 3660 920 3728 restrum,
937 3668 1034 3736 super
1054 3644 1137 3716 dieta
1153 3644 1426 3739 impignoratioue

304 3758 504 3829 laudationes
522 3773 552 3829 et
570 3758 782 3849 plegiationes
797 3760 916 3849 recepi,
935 3774 1027 3851 prout
1042 3761 1073 3829 in
1089 3759 1293 3852 presentibus
1310 3758 1425 3834 litteris

301 3874 511 3957 continetur3
542 3876 709 3943 uoluerunt
741 3872 899 3963 siquidem
930 3872 1009 3945 dicti
1040 3875 1201 3945 Jolranues
1226 3888 1259 3946 et
1295 3874 1425 3949 ltcelius

303 4010 380 4055 uror
404 4008 462 4056 sua
482 4000 512 4057 et
546 4001 780 4057 eorrcesscruut
802 4002 834 4057 nt
862 4010 960 4079 supra
986 3985 1138 4078 predictis
1155 3986 1425 4063 conventionibus

302 4101 427 4170 litteras
448 4114 569 4170 uestras
590 4098 715 4171 laniatis
733 4115 766 4171 et
784 4124 840 4172 eas
860 4104 960 4172 laetas
980 4105 1112 4172 domino
1133 4101 1269 4173 lolrsnui
1287 4104 1328 4175 dc
1346 4106 1425 4181 Cur.-

304 4212 406 4297 eiueo,
428 4213 647 4284 dirreliauensi
667 4213 836 4296 canonico,
859 4214 928 4285 siue
948 4214 1202 4287 contradictione
1217 4216 1362 4287 tradatis.
1390 4220 1426 4289 lu

300 4329 393 4416 eujus
408 4326 452 4395 rei
470 4325 671 4406 nreuroriaur,
685 4328 723 4395 ad
739 4326 879 4418 parcium
895 4326 1083 4397 instanciam
1097 4343 1130 4399 et
1145 4326 1339 4419 pleqioruur,
1352 4352 1429 4421 pre·

299 4455 409 4509 sentes
438 4442 561 4510 litteras
588 4438 684 4529 sigilii
717 4439 778 4510 mei
807 4439 986 4511 munimine
1010 4439 1167 4511 roborari.
1199 4446 1429 4515 detumesce

298 4549 427 4621 llurnini
463 4552 634 4621 millesimo
671 4551 894 4622 ducentesimo
931 4552 1093 4623 tricesimo
1128 4551 1240 4635 tercio,
1274 4552 1307 4623 lu
1340 4554 1433 4627 lusto

298 4660 382 4731 uenti
403 4663 494 4731 llarei
511 4660 719 4750 evangeliste.
