<?xml version="1.0" encoding="UTF-8"?>
<!DOCTYPE html PUBLIC "-//W3C//DTD XHTML 1.0 Transitional//EN"
    "http://www.w3.org/TR/xhtml1/DTD/xhtml1-transitional.dtd">
<html xmlns="http://www.w3.org/1999/xhtml" xml:lang="en" lang="en">
 <head>
  <title>
</title>
<meta http-equiv="Content-Type" content="text/html;charset=utf-8" />
  <meta name='ocr-system' content='tesseract 3.04.00' />
  <meta name='ocr-capabilities' content='ocr_page ocr_carea ocr_par ocr_line ocrx_word'/>
</head>
<body>
  <div class='ocr_page' id='page_1' title='image "./cartulairedesai00jarrgoog_0131.png"; bbox 0 0 3420 5490; ppageno 0'>
   <div class='ocr_carea' id='block_1_1' title="bbox 723 1263 1004 1342">
    <p class='ocr_par' dir='ltr' id='par_1_1' title="bbox 723 1263 1004 1342">
     <span class='ocr_line' id='line_1_1' title="bbox 723 1263 1004 1342; baseline -0.011 -13"><span class='ocrx_word' id='word_1_1' title='bbox 723 1263 876 1342; x_wconf 73' lang='lat' dir='ltr'>Orloans,</span> <span class='ocrx_word' id='word_1_2' title='bbox 893 1264 969 1327; x_wconf 77' lang='lat' dir='ltr'>ttal</span> <span class='ocrx_word' id='word_1_3' title='bbox 996 1263 1004 1298; x_wconf 92' lang='lat'><strong>¹</strong></span> 
     </span>
    </p>
   </div>
   <div class='ocr_carea' id='block_1_2' title="bbox 314 1467 1424 1640">
    <p class='ocr_par' dir='ltr' id='par_1_2' title="bbox 314 1467 1424 1640">
     <span class='ocr_line' id='line_1_2' title="bbox 314 1467 1424 1542; baseline 0.001 -19"><span class='ocrx_word' id='word_1_4' title='bbox 314 1467 372 1523; x_wconf 84' lang='lat' dir='ltr'>lcau</span> <span class='ocrx_word' id='word_1_5' title='bbox 386 1468 423 1540; x_wconf 92' lang='lat' dir='ltr'>ll,</span> <span class='ocrx_word' id='word_1_6' title='bbox 436 1468 544 1541; x_wconf 76' lang='lat' dir='ltr'>deeque</span> <span class='ocrx_word' id='word_1_7' title='bbox 559 1468 717 1539; x_wconf 66' lang='lat' dir='ltr'>(voullam,</span> <span class='ocrx_word' id='word_1_8' title='bbox 731 1469 824 1526; x_wconf 90' lang='lat' dir='ltr'>donno</span> <span class='ocrx_word' id='word_1_9' title='bbox 849 1485 887 1525; x_wconf 86' lang='lat' dir='ltr'>uu</span> <span class='ocrx_word' id='word_1_10' title='bbox 901 1468 1026 1542; x_wconf 89' lang='lat' dir='ltr'>chapitre</span> <span class='ocrx_word' id='word_1_11' title='bbox 1042 1485 1097 1525; x_wconf 91' lang='lat' dir='ltr'>une</span> <span class='ocrx_word' id='word_1_12' title='bbox 1111 1469 1190 1541; x_wconf 89' lang='lat' dir='ltr'>place</span> <span class='ocrx_word' id='word_1_13' title='bbox 1204 1468 1293 1525; x_wconf 83' lang='lat' dir='ltr'>siludc</span> <span class='ocrx_word' id='word_1_14' title='bbox 1307 1467 1379 1524; x_wconf 82' lang='lat' dir='ltr'>dtus</span> <span class='ocrx_word' id='word_1_15' title='bbox 1392 1483 1424 1524; x_wconf 84' lang='lat' dir='ltr'>sa</span> 
     </span>
     <span class='ocr_line' id='line_1_3' title="bbox 342 1564 1273 1640; baseline -0.001 -18"><span class='ocrx_word' id='word_1_16' title='bbox 342 1582 405 1622; x_wconf 87' lang='lat' dir='ltr'>cour</span> <span class='ocrx_word' id='word_1_17' title='bbox 420 1582 487 1622; x_wconf 82' lang='lat' dir='ltr'>arec</span> <span class='ocrx_word' id='word_1_18' title='bbox 502 1564 608 1623; x_wconf 85' lang='lat' dir='ltr'>licencc</span> <span class='ocrx_word' id='word_1_19' title='bbox 617 1566 653 1622; x_wconf 90' lang='lat' dir='ltr'>de</span> <span class='ocrx_word' id='word_1_20' title='bbox 670 1584 770 1640; x_wconf 87' lang='lat' dir='ltr'>percer</span> <span class='ocrx_word' id='word_1_21' title='bbox 784 1584 839 1622; x_wconf 88' lang='lat' dir='ltr'>unc</span> <span class='ocrx_word' id='word_1_22' title='bbox 853 1571 932 1639; x_wconf 88' lang='lat' dir='ltr'>porte</span> <span class='ocrx_word' id='word_1_23' title='bbox 947 1567 1017 1622; x_wconf 91' lang='lat' dir='ltr'>dans</span> <span class='ocrx_word' id='word_1_24' title='bbox 1029 1567 1055 1622; x_wconf 91' lang='lat' dir='ltr'>le</span> <span class='ocrx_word' id='word_1_25' title='bbox 1068 1581 1134 1621; x_wconf 89' lang='lat' dir='ltr'>mur</span> <span class='ocrx_word' id='word_1_26' title='bbox 1147 1565 1273 1622; x_wconf 83' lang='lat' dir='ltr'>oriculal.</span> 
     </span>
    </p>
   </div>
   <div class='ocr_carea' id='block_1_3' title="bbox 669 1738 1056 1812">
    <p class='ocr_par' dir='ltr' id='par_1_3' title="bbox 669 1738 1056 1812">
     <span class='ocr_line' id='line_1_4' title="bbox 669 1738 1056 1812; baseline 0 -18"><span class='ocrx_word' id='word_1_27' title='bbox 669 1739 766 1812; x_wconf 80' lang='lat' dir='ltr'>(copie</span> <span class='ocrx_word' id='word_1_28' title='bbox 780 1738 815 1796; x_wconf 86' lang='lat' dir='ltr'>de</span> <span class='ocrx_word' id='word_1_29' title='bbox 830 1739 940 1809; x_wconf 81' lang='lat' dir='ltr'>beluae,</span> <span class='ocrx_word' id='word_1_30' title='bbox 955 1756 982 1811; x_wconf 93' lang='lat' dir='ltr'>p.</span> <span class='ocrx_word' id='word_1_31' title='bbox 999 1739 1056 1810; x_wconf 81' lang='lat'><strong>78).</strong></span> 
     </span>
    </p>
   </div>
   <div class='ocr_carea' id='block_1_4' title="bbox 200 1957 1453 4321">
    <p class='ocr_par' dir='ltr' id='par_1_4' title="bbox 200 1957 1453 4321">
     <span class='ocr_line' id='line_1_5' title="bbox 350 1957 1421 2049; baseline -0.004 -17"><span class='ocrx_word' id='word_1_32' title='bbox 350 1966 380 2032; x_wconf 94' lang='lat' dir='ltr'>ln</span> <span class='ocrx_word' id='word_1_33' title='bbox 407 1960 538 2032; x_wconf 89' lang='lat' dir='ltr'>nornine</span> <span class='ocrx_word' id='word_1_34' title='bbox 558 1970 679 2030; x_wconf 79' lang='lat' dir='ltr'>sanctu</span> <span class='ocrx_word' id='word_1_35' title='bbox 703 1973 734 2030; x_wconf 95' lang='lat' dir='ltr'>et</span> <span class='ocrx_word' id='word_1_36' title='bbox 757 1957 928 2030; x_wconf 67' lang='lat' dir='ltr'>indiuiduas</span> <span class='ocrx_word' id='word_1_37' title='bbox 955 1957 1129 2031; x_wconf 88' lang='lat' dir='ltr'>Trinitatis.</span> <span class='ocrx_word' id='word_1_38' title='bbox 1158 1961 1223 2049; x_wconf 81' lang='lat' dir='ltr'>llgo</span> <span class='ocrx_word' id='word_1_39' title='bbox 1245 1960 1421 2040; x_wconf 85' lang='lat' dir='ltr'>lebannes,</span> 
     </span>
     <span class='ocr_line' id='line_1_6' title="bbox 311 2071 1424 2165; baseline -0.004 -21"><span class='ocrx_word' id='word_1_40' title='bbox 311 2076 358 2146; x_wconf 86' lang='lat' dir='ltr'>llci</span> <span class='ocrx_word' id='word_1_41' title='bbox 383 2075 483 2165; x_wconf 79' lang='lat' dir='ltr'>gratia</span> <span class='ocrx_word' id='word_1_42' title='bbox 521 2072 758 2145; x_wconf 75' lang='lat' dir='ltr'>Aurelianensis</span> <span class='ocrx_word' id='word_1_43' title='bbox 786 2073 972 2164; x_wconf 88' lang='lat' dir='ltr'>episcopus,</span> <span class='ocrx_word' id='word_1_44' title='bbox 1010 2086 1121 2143; x_wconf 90' lang='lat' dir='ltr'>notum</span> <span class='ocrx_word' id='word_1_45' title='bbox 1164 2071 1232 2142; x_wconf 86' lang='lat' dir='ltr'>deri</span> <span class='ocrx_word' id='word_1_46' title='bbox 1273 2074 1424 2142; x_wconf 86' lang='lat' dir='ltr'>volumus</span> 
     </span>
     <span class='ocr_line' id='line_1_7' title="bbox 309 2177 1453 2276; baseline -0.002 -19"><span class='ocrx_word' id='word_1_47' title='bbox 309 2188 425 2259; x_wconf 91' lang='lat' dir='ltr'>cunctis</span> <span class='ocrx_word' id='word_1_48' title='bbox 445 2187 594 2258; x_wconf 79' lang='lat' dir='ltr'>fidelibus</span> <span class='ocrx_word' id='word_1_49' title='bbox 609 2202 673 2257; x_wconf 90' lang='lat' dir='ltr'>lam</span> <span class='ocrx_word' id='word_1_50' title='bbox 699 2186 813 2257; x_wconf 85' lang='lat' dir='ltr'>luturis</span> <span class='ocrx_word' id='word_1_51' title='bbox 832 2209 926 2276; x_wconf 83' lang='lat' dir='ltr'>quam</span> <span class='ocrx_word' id='word_1_52' title='bbox 947 2199 979 2257; x_wconf 92' lang='lat' dir='ltr'>et</span> <span class='ocrx_word' id='word_1_53' title='bbox 999 2184 1195 2256; x_wconf 88' lang='lat' dir='ltr'>instantibus</span> <span class='ocrx_word' id='word_1_54' title='bbox 1220 2186 1304 2275; x_wconf 87' lang='lat' dir='ltr'>quod</span> <span class='ocrx_word' id='word_1_55' title='bbox 1325 2206 1425 2255; x_wconf 90' lang='lat' dir='ltr'>cauo·</span> <span class='ocrx_word' id='word_1_56' title='bbox 1445 2177 1453 2193; x_wconf 73' lang='lat'>⁸</span> 
     </span>
     <span class='ocr_line' id='line_1_8' title="bbox 309 2297 1423 2388; baseline -0.001 -21"><span class='ocrx_word' id='word_1_57' title='bbox 309 2298 362 2369; x_wconf 88' lang='lat' dir='ltr'>rici</span> <span class='ocrx_word' id='word_1_58' title='bbox 389 2304 515 2371; x_wconf 70' lang='lat' dir='ltr'>Sanctae</span> <span class='ocrx_word' id='word_1_59' title='bbox 539 2298 663 2381; x_wconf 79' lang='lat' dir='ltr'><strong>Crucis,</strong></span> <span class='ocrx_word' id='word_1_60' title='bbox 691 2322 764 2370; x_wconf 93' lang='lat' dir='ltr'>cum</span> <span class='ocrx_word' id='word_1_61' title='bbox 798 2302 936 2369; x_wconf 76' lang='lat' dir='ltr'>habeant</span> <span class='ocrx_word' id='word_1_62' title='bbox 964 2297 996 2369; x_wconf 92' lang='lat' dir='ltr'>in</span> <span class='ocrx_word' id='word_1_63' title='bbox 1023 2297 1111 2369; x_wconf 86' lang='lat' dir='ltr'>curia</span> <span class='ocrx_word' id='word_1_64' title='bbox 1132 2310 1239 2370; x_wconf 88' lang='lat' dir='ltr'>nostra</span> <span class='ocrx_word' id='word_1_65' title='bbox 1263 2299 1423 2388; x_wconf 88' lang='lat' dir='ltr'>quandam</span> 
     </span>
     <span class='ocr_line' id='line_1_9' title="bbox 308 2409 1427 2503; baseline -0.002 -21"><span class='ocrx_word' id='word_1_66' title='bbox 308 2435 405 2484; x_wconf 89' lang='lat' dir='ltr'>aream</span> <span class='ocrx_word' id='word_1_67' title='bbox 427 2437 501 2485; x_wconf 90' lang='lat' dir='ltr'>com</span> <span class='ocrx_word' id='word_1_68' title='bbox 530 2415 681 2485; x_wconf 90' lang='lat' dir='ltr'>domibus</span> <span class='ocrx_word' id='word_1_69' title='bbox 700 2416 733 2483; x_wconf 93' lang='lat' dir='ltr'>in</span> <span class='ocrx_word' id='word_1_70' title='bbox 763 2417 834 2484; x_wconf 92' lang='lat' dir='ltr'>luco</span> <span class='ocrx_word' id='word_1_71' title='bbox 853 2411 907 2503; x_wconf 81' lang='lat' dir='ltr'>qui</span> <span class='ocrx_word' id='word_1_72' title='bbox 928 2415 1022 2503; x_wconf 80' lang='lat' dir='ltr'>vulgo</span> <span class='ocrx_word' id='word_1_73' title='bbox 1042 2411 1158 2484; x_wconf 91' lang='lat' dir='ltr'>dicitur</span> <span class='ocrx_word' id='word_1_74' title='bbox 1185 2416 1293 2482; x_wconf 81' lang='lat' dir='ltr'>Tanna</span> <span class='ocrx_word' id='word_1_75' title='bbox 1322 2409 1427 2482; x_wconf 87' lang='lat' dir='ltr'>orien-</span> 
     </span>
     <span class='ocr_line' id='line_1_10' title="bbox 307 2524 1428 2620; baseline -0.001 -24"><span class='ocrx_word' id='word_1_76' title='bbox 307 2529 354 2598; x_wconf 88' lang='lat' dir='ltr'>tali</span> <span class='ocrx_word' id='word_1_77' title='bbox 372 2552 464 2599; x_wconf 84' lang='lat' dir='ltr'>rnuro</span> <span class='ocrx_word' id='word_1_78' title='bbox 483 2527 621 2600; x_wconf 83' lang='lat' dir='ltr'>ciuitatis</span> <span class='ocrx_word' id='word_1_79' title='bbox 648 2527 900 2613; x_wconf 69' lang='lat' dir='ltr'>adhaerentibus,</span> <span class='ocrx_word' id='word_1_80' title='bbox 921 2540 953 2599; x_wconf 88' lang='lat' dir='ltr'>ct</span> <span class='ocrx_word' id='word_1_81' title='bbox 971 2529 1078 2620; x_wconf 90' lang='lat' dir='ltr'>adjus</span> <span class='ocrx_word' id='word_1_82' title='bbox 1097 2530 1273 2598; x_wconf 88' lang='lat' dir='ltr'>eorundem</span> <span class='ocrx_word' id='word_1_83' title='bbox 1294 2524 1428 2598; x_wconf 91' lang='lat' dir='ltr'>canoni·</span> 
     </span>
     <span class='ocr_line' id='line_1_11' title="bbox 306 2640 1428 2735; baseline -0.003 -21"><span class='ocrx_word' id='word_1_84' title='bbox 306 2666 409 2714; x_wconf 88' lang='lat' dir='ltr'>corum</span> <span class='ocrx_word' id='word_1_85' title='bbox 443 2642 678 2735; x_wconf 87' lang='lat' dir='ltr'>pertinentibus</span> <span class='ocrx_word' id='word_1_86' title='bbox 700 2640 915 2715; x_wconf 89' lang='lat' dir='ltr'>communiter</span> <span class='ocrx_word' id='word_1_87' title='bbox 933 2641 1082 2714; x_wconf 87' lang='lat' dir='ltr'>adierunt</span> <span class='ocrx_word' id='word_1_88' title='bbox 1110 2641 1316 2735; x_wconf 73' lang='lat' dir='ltr'>presentiam</span> <span class='ocrx_word' id='word_1_89' title='bbox 1352 2663 1428 2711; x_wconf 89' lang='lat' dir='ltr'>uos·</span> 
     </span>
     <span class='ocr_line' id='line_1_12' title="bbox 306 2753 1427 2849; baseline -0.002 -24"><span class='ocrx_word' id='word_1_90' title='bbox 306 2768 393 2841; x_wconf 88' lang='lat' dir='ltr'>tram,</span> <span class='ocrx_word' id='word_1_91' title='bbox 414 2756 577 2829; x_wconf 88' lang='lat' dir='ltr'>lmmiliter</span> <span class='ocrx_word' id='word_1_92' title='bbox 610 2760 821 2847; x_wconf 77' lang='lat' dir='ltr'>deprecantes</span> <span class='ocrx_word' id='word_1_93' title='bbox 846 2771 881 2828; x_wconf 92' lang='lat' dir='ltr'>ut</span> <span class='ocrx_word' id='word_1_94' title='bbox 908 2759 1068 2848; x_wconf 86' lang='lat' dir='ltr'>quandam</span> <span class='ocrx_word' id='word_1_95' title='bbox 1105 2756 1293 2849; x_wconf 86' lang='lat' dir='ltr'>particulam</span> <span class='ocrx_word' id='word_1_96' title='bbox 1325 2753 1427 2826; x_wconf 79' lang='lat' dir='ltr'>curiae</span> 
     </span>
     <span class='ocr_line' id='line_1_13' title="bbox 307 2868 1427 2963; baseline -0.001 -26"><span class='ocrx_word' id='word_1_97' title='bbox 307 2884 416 2941; x_wconf 84' lang='lat' dir='ltr'>uostno</span> <span class='ocrx_word' id='word_1_98' title='bbox 437 2873 475 2941; x_wconf 83' lang='lat' dir='ltr'>od</span> <span class='ocrx_word' id='word_1_99' title='bbox 492 2869 714 2963; x_wconf 87' lang='lat' dir='ltr'>episcopatum</span> <span class='ocrx_word' id='word_1_100' title='bbox 736 2874 962 2962; x_wconf 83' lang='lat' dir='ltr'>pertinentem,</span> <span class='ocrx_word' id='word_1_101' title='bbox 975 2894 1046 2962; x_wconf 83' lang='lat' dir='ltr'>quae</span> <span class='ocrx_word' id='word_1_102' title='bbox 1063 2872 1125 2939; x_wconf 91' lang='lat' dir='ltr'>sila</span> <span class='ocrx_word' id='word_1_103' title='bbox 1140 2881 1190 2940; x_wconf 89' lang='lat' dir='ltr'>est</span> <span class='ocrx_word' id='word_1_104' title='bbox 1210 2868 1293 2938; x_wconf 88' lang='lat' dir='ltr'>iutra</span> <span class='ocrx_word' id='word_1_105' title='bbox 1313 2891 1427 2960; x_wconf 87' lang='lat' dir='ltr'>supra·</span> 
     </span>
     <span class='ocr_line' id='line_1_14' title="bbox 306 2980 1427 3078; baseline 0.002 -27"><span class='ocrx_word' id='word_1_106' title='bbox 306 2982 400 3056; x_wconf 90' lang='lat' dir='ltr'>dictas</span> <span class='ocrx_word' id='word_1_107' title='bbox 432 2986 547 3056; x_wconf 93' lang='lat' dir='ltr'>domos</span> <span class='ocrx_word' id='word_1_108' title='bbox 565 2997 598 3056; x_wconf 88' lang='lat' dir='ltr'>et</span> <span class='ocrx_word' id='word_1_109' title='bbox 629 2984 912 3078; x_wconf 74' lang='lat' dir='ltr'>septentrionalem</span> <span class='ocrx_word' id='word_1_110' title='bbox 933 3008 1060 3056; x_wconf 86' lang='lat' dir='ltr'>murum</span> <span class='ocrx_word' id='word_1_111' title='bbox 1081 2981 1218 3054; x_wconf 86' lang='lat' dir='ltr'>civitatis</span> <span class='ocrx_word' id='word_1_112' title='bbox 1237 2980 1268 3052; x_wconf 94' lang='lat' dir='ltr'>in</span> <span class='ocrx_word' id='word_1_113' title='bbox 1295 2983 1427 3074; x_wconf 84' lang='lat' dir='ltr'>angulo,</span> 
     </span>
     <span class='ocr_line' id='line_1_15' title="bbox 308 3097 1427 3193; baseline 0.002 -27"><span class='ocrx_word' id='word_1_114' title='bbox 308 3099 422 3173; x_wconf 86' lang='lat' dir='ltr'>babens</span> <span class='ocrx_word' id='word_1_115' title='bbox 436 3099 467 3171; x_wconf 91' lang='lat' dir='ltr'>in</span> <span class='ocrx_word' id='word_1_116' title='bbox 483 3099 684 3193; x_wconf 84' lang='lat' dir='ltr'>longitudine</span> <span class='ocrx_word' id='word_1_117' title='bbox 702 3103 801 3193; x_wconf 89' lang='lat' dir='ltr'>pedes</span> <span class='ocrx_word' id='word_1_118' title='bbox 821 3103 986 3173; x_wconf 79' lang='lat' dir='ltr'>manuales</span> <span class='ocrx_word' id='word_1_119' title='bbox 999 3099 1162 3192; x_wconf 85' lang='lat' dir='ltr'>sexaginta</span> <span class='ocrx_word' id='word_1_120' title='bbox 1178 3113 1209 3170; x_wconf 94' lang='lat' dir='ltr'>et</span> <span class='ocrx_word' id='word_1_121' title='bbox 1225 3097 1427 3190; x_wconf 85' lang='lat' dir='ltr'>qrrindecim,</span> 
     </span>
     <span class='ocr_line' id='line_1_16' title="bbox 306 3216 1429 3309; baseline 0.001 -26"><span class='ocrx_word' id='word_1_122' title='bbox 306 3229 333 3285; x_wconf 89' lang='lat' dir='ltr'>el</span> <span class='ocrx_word' id='word_1_123' title='bbox 352 3219 384 3287; x_wconf 92' lang='lat' dir='ltr'>iu</span> <span class='ocrx_word' id='word_1_124' title='bbox 398 3216 567 3288; x_wconf 88' lang='lat' dir='ltr'>latitudine</span> <span class='ocrx_word' id='word_1_125' title='bbox 587 3217 733 3299; x_wconf 89' lang='lat' dir='ltr'>totidem,</span> <span class='ocrx_word' id='word_1_126' title='bbox 761 3216 809 3288; x_wconf 88' lang='lat' dir='ltr'>eis</span> <span class='ocrx_word' id='word_1_127' title='bbox 830 3216 860 3287; x_wconf 91' lang='lat' dir='ltr'>iu</span> <span class='ocrx_word' id='word_1_128' title='bbox 889 3229 1077 3309; x_wconf 91' lang='lat' dir='ltr'>perpetuum</span> <span class='ocrx_word' id='word_1_129' title='bbox 1104 3218 1369 3287; x_wconf 90' lang='lat' dir='ltr'>concederemus.</span> <span class='ocrx_word' id='word_1_130' title='bbox 1390 3217 1429 3285; x_wconf 84' lang='lat' dir='ltr'>Et</span> 
     </span>
     <span class='ocr_line' id='line_1_17' title="bbox 305 3327 1427 3422; baseline 0 -26"><span class='ocrx_word' id='word_1_131' title='bbox 305 3332 474 3421; x_wconf 78' lang='lat' dir='ltr'>cumipse</span> <span class='ocrx_word' id='word_1_132' title='bbox 502 3332 618 3401; x_wconf 85' lang='lat' dir='ltr'>domus</span> <span class='ocrx_word' id='word_1_133' title='bbox 647 3330 807 3422; x_wconf 83' lang='lat' dir='ltr'>puudielau</span> <span class='ocrx_word' id='word_1_134' title='bbox 835 3354 891 3421; x_wconf 93' lang='lat' dir='ltr'>per</span> <span class='ocrx_word' id='word_1_135' title='bbox 905 3330 1025 3408; x_wconf 84' lang='lat' dir='ltr'>curiam</span> <span class='ocrx_word' id='word_1_136' title='bbox 1047 3343 1189 3400; x_wconf 89' lang='lat' dir='ltr'>nostram</span> <span class='ocrx_word' id='word_1_137' title='bbox 1211 3327 1427 3400; x_wconf 90' lang='lat' dir='ltr'>cousuetudi-</span> 
     </span>
     <span class='ocr_line' id='line_1_18' title="bbox 200 3438 1427 3530; baseline -0.001 -23"><span class='ocrx_word' id='word_1_138' title='bbox 200 3460 201 3463; x_wconf 69' lang='grc'>’</span> <span class='ocrx_word' id='word_1_139' title='bbox 302 3441 424 3511; x_wconf 89' lang='lat' dir='ltr'>uarium</span> <span class='ocrx_word' id='word_1_140' title='bbox 442 3441 606 3511; x_wconf 88' lang='lat' dir='ltr'>introitum</span> <span class='ocrx_word' id='word_1_141' title='bbox 632 3444 678 3512; x_wconf 87' lang='lat' dir='ltr'>vel</span> <span class='ocrx_word' id='word_1_142' title='bbox 707 3441 824 3512; x_wconf 82' lang='lat' dir='ltr'>exitum</span> <span class='ocrx_word' id='word_1_143' title='bbox 853 3445 1005 3524; x_wconf 89' lang='lat' dir='ltr'>babeant,</span> <span class='ocrx_word' id='word_1_144' title='bbox 1031 3439 1192 3530; x_wconf 87' lang='lat' dir='ltr'>deprecati</span> <span class='ocrx_word' id='word_1_145' title='bbox 1224 3454 1301 3511; x_wconf 85' lang='lat' dir='ltr'>suut</span> <span class='ocrx_word' id='word_1_146' title='bbox 1331 3438 1427 3509; x_wconf 93' lang='lat' dir='ltr'>etiam</span> 
     </span>
     <span class='ocr_line' id='line_1_19' title="bbox 299 3553 1428 3643; baseline 0.004 -27"><span class='ocrx_word' id='word_1_147' title='bbox 299 3570 361 3624; x_wconf 95' lang='lat' dir='ltr'>nos</span> <span class='ocrx_word' id='word_1_148' title='bbox 389 3566 425 3622; x_wconf 92' lang='lat' dir='ltr'>ut</span> <span class='ocrx_word' id='word_1_149' title='bbox 452 3553 613 3624; x_wconf 87' lang='lat' dir='ltr'>licentiam</span> <span class='ocrx_word' id='word_1_150' title='bbox 641 3553 775 3624; x_wconf 87' lang='lat' dir='ltr'>laciendi</span> <span class='ocrx_word' id='word_1_151' title='bbox 808 3555 839 3623; x_wconf 93' lang='lat' dir='ltr'>in</span> <span class='ocrx_word' id='word_1_152' title='bbox 861 3577 951 3624; x_wconf 93' lang='lat' dir='ltr'>muro</span> <span class='ocrx_word' id='word_1_153' title='bbox 972 3555 1169 3643; x_wconf 85' lang='lat' dir='ltr'>posterulam</span> <span class='ocrx_word' id='word_1_154' title='bbox 1197 3554 1368 3622; x_wconf 90' lang='lat' dir='ltr'>ducentem</span> <span class='ocrx_word' id='word_1_155' title='bbox 1388 3553 1428 3621; x_wconf 91' lang='lat' dir='ltr'>ad</span> 
     </span>
     <span class='ocr_line' id='line_1_20' title="bbox 294 3663 1430 3754; baseline 0.004 -25"><span class='ocrx_word' id='word_1_156' title='bbox 294 3665 474 3748; x_wconf 88' lang='lat' dir='ltr'>orientem,</span> <span class='ocrx_word' id='word_1_157' title='bbox 505 3668 544 3735; x_wconf 91' lang='lat' dir='ltr'>ad</span> <span class='ocrx_word' id='word_1_158' title='bbox 573 3665 801 3754; x_wconf 82' lang='lat' dir='ltr'>egrediendum</span> <span class='ocrx_word' id='word_1_159' title='bbox 828 3668 875 3735; x_wconf 88' lang='lat' dir='ltr'>vel</span> <span class='ocrx_word' id='word_1_160' title='bbox 896 3664 1155 3754; x_wconf 80' lang='lat' dir='ltr'>ingrediendum,</span> <span class='ocrx_word' id='word_1_161' title='bbox 1176 3663 1309 3753; x_wconf 88' lang='lat' dir='ltr'>insuper</span> <span class='ocrx_word' id='word_1_162' title='bbox 1334 3665 1430 3734; x_wconf 88' lang='lat' dir='ltr'>etde</span> 
     </span>
     <span class='ocr_line' id='line_1_21' title="bbox 291 3768 1429 3866; baseline 0 -21"><span class='ocrx_word' id='word_1_163' title='bbox 291 3768 372 3862; x_wconf 75' lang='lat' dir='ltr'>ipso</span> <span class='ocrx_word' id='word_1_164' title='bbox 386 3799 493 3860; x_wconf 87' lang='lat' dir='ltr'>muro,</span> <span class='ocrx_word' id='word_1_165' title='bbox 509 3775 576 3847; x_wconf 85' lang='lat' dir='ltr'>siue</span> <span class='ocrx_word' id='word_1_166' title='bbox 597 3776 781 3866; x_wconf 82' lang='lat' dir='ltr'>infigendis</span> <span class='ocrx_word' id='word_1_167' title='bbox 802 3775 959 3860; x_wconf 86' lang='lat' dir='ltr'>trabibus,</span> <span class='ocrx_word' id='word_1_168' title='bbox 976 3776 1043 3847; x_wconf 89' lang='lat' dir='ltr'>siue</span> <span class='ocrx_word' id='word_1_169' title='bbox 1071 3774 1103 3845; x_wconf 92' lang='lat' dir='ltr'>in</span> <span class='ocrx_word' id='word_1_170' title='bbox 1131 3773 1429 3866; x_wconf 81' lang='lat' dir='ltr'>supermdideandis</span> 
     </span>
     <span class='ocr_line' id='line_1_22' title="bbox 288 3887 1429 3980; baseline 0.004 -24"><span class='ocrx_word' id='word_1_171' title='bbox 288 3889 487 3973; x_wconf 82' lang='lat' dir='ltr'>parictibus,</span> <span class='ocrx_word' id='word_1_172' title='bbox 509 3887 575 3958; x_wconf 87' lang='lat' dir='ltr'>sive</span> <span class='ocrx_word' id='word_1_173' title='bbox 596 3888 627 3956; x_wconf 92' lang='lat' dir='ltr'>in</span> <span class='ocrx_word' id='word_1_174' title='bbox 648 3888 718 3959; x_wconf 88' lang='lat' dir='ltr'>aliis</span> <span class='ocrx_word' id='word_1_175' title='bbox 739 3889 935 3980; x_wconf 82' lang='lat' dir='ltr'>hujusmodi,</span> <span class='ocrx_word' id='word_1_176' title='bbox 957 3911 1161 3980; x_wconf 74' lang='lat' dir='ltr'>quaecunque</span> <span class='ocrx_word' id='word_1_177' title='bbox 1180 3890 1219 3958; x_wconf 87' lang='lat' dir='ltr'>ad</span> <span class='ocrx_word' id='word_1_178' title='bbox 1244 3887 1429 3960; x_wconf 79' lang='lat' dir='ltr'>mdillcatio</span> 
     </span>
     <span class='ocr_line' id='line_1_23' title="bbox 291 4002 1430 4094; baseline 0.006 -26"><span class='ocrx_word' id='word_1_179' title='bbox 291 4021 378 4072; x_wconf 87' lang='lat' dir='ltr'>nem</span> <span class='ocrx_word' id='word_1_180' title='bbox 396 4002 537 4094; x_wconf 89' lang='lat' dir='ltr'>ipsarum</span> <span class='ocrx_word' id='word_1_181' title='bbox 558 4006 726 4074; x_wconf 89' lang='lat' dir='ltr'>domorum</span> <span class='ocrx_word' id='word_1_182' title='bbox 754 4005 936 4074; x_wconf 86' lang='lat' dir='ltr'>necessaria</span> <span class='ocrx_word' id='word_1_183' title='bbox 956 4016 1079 4087; x_wconf 91' lang='lat' dir='ltr'>esseut,</span> <span class='ocrx_word' id='word_1_184' title='bbox 1100 4017 1255 4093; x_wconf 84' lang='lat' dir='ltr'>qrranlum</span> <span class='ocrx_word' id='word_1_185' title='bbox 1284 4007 1323 4074; x_wconf 92' lang='lat' dir='ltr'>ad</span> <span class='ocrx_word' id='word_1_186' title='bbox 1344 4005 1430 4094; x_wconf 88' lang='lat' dir='ltr'>epis·</span> 
     </span>
     <span class='ocr_line' id='line_1_24' title="bbox 294 4116 1431 4207; baseline 0.005 -23"><span class='ocrx_word' id='word_1_187' title='bbox 294 4129 452 4205; x_wconf 82' lang='lat' dir='ltr'>copalum</span> <span class='ocrx_word' id='word_1_188' title='bbox 474 4116 665 4207; x_wconf 86' lang='lat' dir='ltr'>pertinebat,</span> <span class='ocrx_word' id='word_1_189' title='bbox 685 4116 732 4188; x_wconf 90' lang='lat' dir='ltr'>eis</span> <span class='ocrx_word' id='word_1_190' title='bbox 753 4119 1019 4189; x_wconf 84' lang='lat' dir='ltr'>concederemus.</span> <span class='ocrx_word' id='word_1_191' title='bbox 1043 4120 1135 4202; x_wconf 90' lang='lat' dir='ltr'>Quod</span> <span class='ocrx_word' id='word_1_192' title='bbox 1156 4117 1250 4188; x_wconf 87' lang='lat' dir='ltr'>itaet</span> <span class='ocrx_word' id='word_1_193' title='bbox 1269 4116 1431 4201; x_wconf 84' lang='lat' dir='ltr'>lecimos;</span> 
     </span>
     <span class='ocr_line' id='line_1_25' title="bbox 300 4230 1433 4321; baseline 0.004 -23"><span class='ocrx_word' id='word_1_194' title='bbox 300 4241 342 4298; x_wconf 87' lang='lat' dir='ltr'>ct</span> <span class='ocrx_word' id='word_1_195' title='bbox 374 4253 408 4298; x_wconf 93' lang='lat' dir='ltr'>nc</span> <span class='ocrx_word' id='word_1_196' title='bbox 436 4242 545 4320; x_wconf 86' lang='lat' dir='ltr'>posset</span> <span class='ocrx_word' id='word_1_197' title='bbox 566 4232 719 4300; x_wconf 86' lang='lat' dir='ltr'>oblivioni</span> <span class='ocrx_word' id='word_1_198' title='bbox 736 4230 831 4313; x_wconf 85' lang='lat' dir='ltr'>trudi,</span> <span class='ocrx_word' id='word_1_199' title='bbox 861 4231 983 4321; x_wconf 92' lang='lat' dir='ltr'>scripto</span> <span class='ocrx_word' id='word_1_200' title='bbox 1004 4232 1318 4316; x_wconf 84' lang='lat' dir='ltr'>commendavimus,</span> <span class='ocrx_word' id='word_1_201' title='bbox 1341 4244 1373 4302; x_wconf 89' lang='lat' dir='ltr'>el</span> <span class='ocrx_word' id='word_1_202' title='bbox 1393 4255 1433 4303; x_wconf 89' lang='lat' dir='ltr'>ne</span> 
     </span>
    </p>
   </div>
   <div class='ocr_carea' id='block_1_5' title="bbox 315 4426 1430 4441">
    <p class='ocr_par' dir='ltr' id='par_1_5' title="bbox 315 4426 1430 4441">
     <span class='ocr_line' id='line_1_26' title="bbox 315 4426 1430 4441; baseline 0.002 -5"><span class='ocrx_word' id='word_1_203' title='bbox 315 4426 415 4434; x_wconf 71' lang='lat' dir='ltr'>--—v—</span> <span class='ocrx_word' id='word_1_204' title='bbox 427 4429 566 4436; x_wconf 59' lang='grc' dir='ltr'>-Μ</span> <span class='ocrx_word' id='word_1_205' title='bbox 575 4430 1173 4438; x_wconf 37' lang='lat' dir='ltr'>w—fflw-M--W-m-„w-aou-</span> <span class='ocrx_word' id='word_1_206' title='bbox 1184 4431 1430 4441; x_wconf 55' lang='lat' dir='ltr'>-m</span> 
     </span>
    </p>
   </div>
   <div class='ocr_carea' id='block_1_6' title="bbox 330 4542 1434 4805">
    <p class='ocr_par' dir='ltr' id='par_1_6' title="bbox 330 4542 1434 4805">
     <span class='ocr_line' id='line_1_27' title="bbox 360 4542 1434 4625; baseline 0.006 -25"><span class='ocrx_word' id='word_1_207' title='bbox 360 4542 367 4575; x_wconf 84' lang='lat'><strong>¹</strong></span> <span class='ocrx_word' id='word_1_208' title='bbox 385 4542 405 4597; x_wconf 91' lang='lat' dir='ltr'>ll</span> <span class='ocrx_word' id='word_1_209' title='bbox 418 4562 431 4616; x_wconf 76' lang='lat' dir='ltr'>p</span> <span class='ocrx_word' id='word_1_210' title='bbox 444 4562 460 4601; x_wconf 93' lang='lat' dir='ltr'>a</span> <span class='ocrx_word' id='word_1_211' title='bbox 473 4563 573 4603; x_wconf 87' lang='lat' dir='ltr'>encore</span> <span class='ocrx_word' id='word_1_212' title='bbox 592 4564 691 4603; x_wconf 85' lang='lat' dir='ltr'>erreur</span> <span class='ocrx_word' id='word_1_213' title='bbox 706 4565 755 4604; x_wconf 89' lang='lat' dir='ltr'>sur</span> <span class='ocrx_word' id='word_1_214' title='bbox 767 4548 793 4604; x_wconf 91' lang='lat' dir='ltr'>lu</span> <span class='ocrx_word' id='word_1_215' title='bbox 806 4548 868 4605; x_wconf 86' lang='lat' dir='ltr'>date</span> <span class='ocrx_word' id='word_1_216' title='bbox 889 4548 926 4606; x_wconf 87' lang='lat' dir='ltr'>du</span> <span class='ocrx_word' id='word_1_217' title='bbox 943 4549 1040 4621; x_wconf 74' lang='lat' dir='ltr'>regne.</span> <span class='ocrx_word' id='word_1_218' title='bbox 1057 4549 1096 4604; x_wconf 87' lang='lat' dir='ltr'>Lu</span> <span class='ocrx_word' id='word_1_219' title='bbox 1108 4548 1156 4605; x_wconf 73' lang='lat'>180</span> <span class='ocrx_word' id='word_1_220' title='bbox 1171 4549 1262 4606; x_wconf 75' lang='lat' dir='ltr'>annea</span> <span class='ocrx_word' id='word_1_221' title='bbox 1288 4549 1326 4606; x_wconf 90' lang='lat' dir='ltr'>do</span> <span class='ocrx_word' id='word_1_222' title='bbox 1347 4550 1434 4625; x_wconf 74' lang='lat' dir='ltr'>regne</span> 
     </span>
     <span class='ocr_line' id='line_1_28' title="bbox 330 4631 1434 4714; baseline 0.011 -28"><span class='ocrx_word' id='word_1_223' title='bbox 330 4631 362 4687; x_wconf 90' lang='lat' dir='ltr'>dc</span> <span class='ocrx_word' id='word_1_224' title='bbox 380 4631 451 4690; x_wconf 87' lang='lat' dir='ltr'>bouis</span> <span class='ocrx_word' id='word_1_225' title='bbox 463 4638 497 4693; x_wconf 87' lang='lat' dir='ltr'>lll</span> <span class='ocrx_word' id='word_1_226' title='bbox 511 4655 675 4705; x_wconf 78' lang='lat' dir='ltr'>commoneo</span> <span class='ocrx_word' id='word_1_227' title='bbox 691 4639 715 4694; x_wconf 91' lang='lat' dir='ltr'>le</span> <span class='ocrx_word' id='word_1_228' title='bbox 730 4639 747 4694; x_wconf 78' lang='lat'><strong>3</strong></span> <span class='ocrx_word' id='word_1_229' title='bbox 761 4644 826 4695; x_wconf 88' lang='lat' dir='ltr'>aodl</span> <span class='ocrx_word' id='word_1_230' title='bbox 841 4639 919 4696; x_wconf 79' lang='lat'>1125.</span> <span class='ocrx_word' id='word_1_231' title='bbox 934 4640 971 4696; x_wconf 83' lang='lat' dir='ltr'>ba</span> <span class='ocrx_word' id='word_1_232' title='bbox 984 4642 1078 4696; x_wconf 77' lang='lat' dir='ltr'>meme</span> <span class='ocrx_word' id='word_1_233' title='bbox 1096 4658 1196 4697; x_wconf 88' lang='lat' dir='ltr'>erreur</span> <span class='ocrx_word' id='word_1_234' title='bbox 1214 4645 1258 4698; x_wconf 92' lang='lat' dir='ltr'>esl</span> <span class='ocrx_word' id='word_1_235' title='bbox 1271 4642 1434 4714; x_wconf 84' lang='lat' dir='ltr'>reproduile</span> 
     </span>
     <span class='ocr_line' id='line_1_29' title="bbox 335 4721 1069 4805; baseline 0.019 -32"><span class='ocrx_word' id='word_1_236' title='bbox 335 4721 395 4774; x_wconf 89' lang='lat' dir='ltr'>dans</span> <span class='ocrx_word' id='word_1_237' title='bbox 406 4721 427 4776; x_wconf 91' lang='lat' dir='ltr'>la</span> <span class='ocrx_word' id='word_1_238' title='bbox 440 4725 529 4786; x_wconf 84' lang='lat' dir='ltr'>charte</span> <span class='ocrx_word' id='word_1_239' title='bbox 542 4729 638 4802; x_wconf 76' lang='lat' dir='ltr'>ropale</span> <span class='ocrx_word' id='word_1_240' title='bbox 651 4731 887 4803; x_wconf 76' lang='lat' dir='ltr'>correspondente</span> <span class='ocrx_word' id='word_1_241' title='bbox 901 4731 958 4805; x_wconf 77' lang='lat' dir='ltr'>leb.</span> <span class='ocrx_word' id='word_1_242' title='bbox 974 4731 1069 4802; x_wconf 81' lang='lat' dir='ltr'>llbll).</span> 
     </span>
    </p>
   </div>
   <div class='ocr_carea' id='block_1_7' title="bbox 0 0 1714 5490">
    <p class='ocr_par' dir='ltr' id='par_1_7' title="bbox 0 0 1714 5490">
     <span class='ocr_line' id='line_1_30' title="bbox 0 0 1714 5490; baseline 0 5"><span class='ocrx_word' id='word_1_243' title='bbox 0 0 1714 5490; x_wconf 95' lang='lat' dir='ltr'> </span> 
     </span>
    </p>
   </div>
  </div>
 </body>
</html>
