3420 5490
760 614 936 678 ..108-

292 740 377 810 bone
390 740 545 811 memorie
559 738 753 823 ludovicus,
774 740 807 809 in
826 751 910 809 terra
937 742 1053 809 Sancte
1073 737 1195 823 Crucis,
1217 761 1280 829 que
1304 755 1354 812 est
1376 739 1408 810 in

289 852 451 925 territorio
472 852 667 944 stampensi,
695 850 822 922 scilicet
845 852 929 942 apud
957 854 1117 921 Fuutanas
1147 864 1179 921 et
1202 852 1287 942 apud
1309 854 1412 924 Ulme-

289 974 369 1045 tum,
391 973 424 1032 ct
448 959 479 1030 in
505 973 569 1031 tota
591 974 755 1051 terraque
781 958 823 1029 ilii
843 960 1016 1050 3113331131,
1037 981 1074 1030 33
1099 960 1220 1030 nullam
1241 959 1361 1031 talliam
1380 977 1413 1033 et

288 1073 485 1145 exactionem
516 1076 634 1145 debere
662 1077 767 1144 lacere
793 1071 990 1163 recognovit,
1012 1087 1044 1143 et
1074 1075 1210 1144 caulem
1232 1088 1349 1146 terram
1372 1079 1413 1146 alr

288 1187 375 1257 omni
397 1186 482 1258 tallia
502 1197 535 1259 et
554 1186 720 1258 exactione
735 1209 791 1257 333
806 1186 936 1257 liberam
956 1199 988 1257 et
1008 1187 1147 1277 qrrietam
1168 1186 1200 1258 in
1221 1201 1411 1280 perpetuum

288 1324 362 1372 esse
393 1299 513 1371 dimisit
541 1313 573 1370 et
601 1300 776 1371 concessit.
798 1303 862 1370 Nos
886 1321 1025 1391 quoquc,
1049 1323 1106 1392 pro
1135 1300 1279 1373 remedio
1305 1301 1412 1374 aniane

290 1413 408 1506 ipsius,
439 1427 472 1485 et
502 1437 560 1506 pro
588 1413 678 1504 regni
705 1412 806 1483 nostri
838 1411 1021 1495 stabilitate,
1056 1426 1089 1484 31
1120 1436 1176 1505 pro
1207 1415 1412 1488 veneratione

291 1526 524 1620 gloriosissime
552 1525 1165 1618 333133138333131133313,3331113133
1197 1541 1314 1599 terram
1338 1552 1412 1601 cum

291 1640 443 1713 omuibus
461 1639 662 1733 appendiciis
681 1639 749 1711 suis
769 1643 809 1710 ab
824 1640 910 1711 ornui
931 1638 1015 1711 tallia
1034 1652 1067 1711 et
1089 1641 1255 1713 exactione
1279 1641 1413 1714 liberam

290 1768 322 1826 et
335 1753 475 1846 quietam
496 1753 526 1824 in
548 1767 738 1846 perpetuum
757 1775 831 1824 esse
846 1751 1069 1824 concessimus
1084 1767 1115 1824 ct
1134 1752 1319 1826 eternaliter
1335 1778 1414 1826 eon·

294 1868 504 1937 firmavimus.
526 1867 619 1951 Quotl
642 1878 675 1934 ut
694 1878 846 1956 perpetue
862 1864 1044 1935 stabilitatis
1069 1864 1212 1936 obtineat
1232 1865 1415 1939 munimen·

295 1993 375 2059 1333,
403 1978 524 2069 scripto
543 1977 840 2048 commendavimus
867 1990 898 2049 et
915 1976 1010 2068 sigilli
1031 1976 1131 2049 nostri
1157 1977 1359 2064 anctoritate,
1380 1995 1415 2052 et

292 2091 432 2164 nominis
446 2092 549 2162 nostri
563 2105 725 2162 caractere
743 2089 1062 2162 subterfirmavimus.

338 2212 449 2278 letum
485 2207 612 2296 publice
643 2209 728 2295 apud
761 2204 976 2296 ingranniam,
1013 2228 1098 2278 auno
1130 2205 1285 2278 incarnati
1317 2205 1413 2280 Verlui

293 2323 517 2401 ltcxxltvtttt
544 2319 631 2409 regni
654 2318 755 2390 nostri
782 2319 895 2402 tercio,
915 2319 1096 2391 astantibus
1115 2320 1146 2390 in
1168 2321 1286 2415 palatio
1304 2336 1415 2394 nostro

293 2454 429 2522 qnorum
451 2432 578 2501 nomina
610 2432 795 2503 subtitulata
815 2447 892 2502 sunt
918 2447 950 2502 et
976 2435 1080 2523 sigula.
1102 2438 1137 2503 S.
1166 2436 1303 2517 llatlulli,
1327 2435 1416 2506 liro·

294 2546 483 2613 mandorum
504 2543 961 2636 3313111331113311331333131.
985 2548 1019 2614 S.
1042 2544 1191 2615 Willelmi
1219 2545 1412 2615 buticularii.

296 2660 329 2727 S.
346 2655 459 2726 llatlrei
480 2656 720 2726 constabularii.
741 2662 774 2728 S.
791 2657 902 2728 llatlrci
923 2656 1099 2728 camerarii.

340 2773 418 2841 Data
439 2792 639 2862 normanum
660 2769 775 2862 lllgrini
792 2769 984 2842 cancellarii.

818 3088 877 3148 lil'l

678 3319 744 3398 133.
763 3320 794 3380 13
808 3318 828 3376 3
844 3316 934 3397 aurit]
952 3316 1031 3380 tta-t

296 3548 1001 3622 1333,33333311’1)313333,333331133333331133,
1024 3549 1040 3603 a
1063 3549 1229 3620 perpatuite,
1254 3549 1280 3603 la
1299 3549 1361 3602 uilla
1382 3546 1418 3603 do

527 3646 663 3718 llillepion
678 3656 704 3701 ct
719 3649 744 3702 le
759 3648 818 3702 clos
832 3646 976 3716 designes
991 3645 1025 3700 113
1040 3644 1146 3717 Goigny
1156 3646 1177 3700 ¹.

649 3835 747 3908 (Copie
760 3837 797 3892 tle
814 3835 924 3901 llaluze,
941 3852 967 3907 p.
984 3834 1042 3901 68).

343 4058 375 4125 13
406 4056 537 4124 nomine
564 4069 683 4125 sanctae
709 4068 740 4124 et
770 4052 940 4124 individuae
970 4050 1143 4123 Trinitatis.
1167 4055 1232 4144 Ego
1255 4056 1418 4124 lolrannes

295 4168 352 4240 llei
366 4166 467 4259 gratia
488 4167 724 4238 Aurelianensis
744 4167 928 4258 episcopus,
948 4181 979 4238 31
999 4169 1180 4257 Stcplranns
1198 4171 1323 4238 Sanctae
1338 4170 1418 4237 1133-

296 4281 345 4354 cis
375 4283 533 4364 decanus,
562 4284 823 4352 llrclrcmliauilus
846 4303 974 4373 ‹luoqne
1002 4282 1208 4351 33131333333
1236 4295 1267 4352 31
1294 4303 1418 4375 praepo·

296 4482 322 4489 μ.
333 4482 637 4489 —————-0
650 4482 689 4489 ι..
730 4481 1010 4489 ----—-—·0-——
1023 4481 1040 4487 —
1080 4480 1171 4488 ·-—-.
1183 4480 1296 4488 ——nn—
1307 4480 1340 4487 ι-..
1359 4480 1378 4487 ι-
1410 4479 1418 4487 ι

334 4601 341 4636 ¹
356 4623 371 4657 ι
386 4602 556 4663 Exlalotiam
566 4599 704 4674 descripta
714 4611 745 4655 n·
755 4599 803 4655 vlt
815 4599 900 4671 liujus
912 4598 1074 4655 chartularii
1086 4616 1112 4655 3.
1124 4628 1155 4639 -
1165 4596 1260 4655 111311.
1269 4598 1340 4673 1.tt.,
1349 4612 1378 4653 3.
1389 4598 1417 4657 l.
