3420 5490
813 1149 892 1214 1190

289 1330 453 1403 Βιοιιιριὶοιι
468 1329 504 1386 de
516 1333 573 1401 gtte
588 1348 659 1404 pour
674 1331 700 1388 te
718 1331 786 1387 eure
801 1331 837 1389 ds
856 1331 1177 1403 Neron-surbernon,
1201 1348 1273 1406 pour
1294 1334 1330 1390 to
1351 1350 1419 1392 sous
1476 1415 1480 1421 Ι

341 1426 472 1501 prpsbtns
487 1443 522 1484 au
537 1427 673 1501 ebspitre‚
687 1432 716 1484 et
730 1428 787 1485 don
802 1427 838 1486 de
851 1429 888 1486 w
900 1445 968 1485 sous
977 1444 1028 1484 sur
1039 1426 1145 1499 ttpttu
1158 1427 1193 1484 de
1208 1428 1364 1503 Sembieep.

439 1551 529 1622 (Orip.
546 1550 633 1608 brcb.
649 1550 688 1607 riu
704 1551 809 1624 loiret,
822 1554 855 1610 G.
869 1551 941 1621 &85
961 1553 1085 1608 mention
1098 1550 1266 1622 Scriptum).

332 1719 396 1804 tipo
434 1717 606 1803 (artuicus,
632 1715 883 1787 archidiaconus
920 1721 1038 1788 Sancte
1058 1714 1187 1799 Crucis,
1212 1715 1366 1789 omnibus
1386 1717 1418 1787 in

288 1842 488 1920 perpetuum.
513 1832 549 1899 Ut
568 1852 605 1900 ca
618 1852 681 1920 que
700 1828 871 1902 deuotione
883 1829 1026 1901 bdeiiom
1039 1842 1152 1902 sancte
1167 1830 1258 1901 matri
1274 1830 1420 1903 Beeiesie

288 1947 497 2013 conteruntur
511 1955 661 2032 perpetua
683 1941 856 2013 stabilitate
876 1966 977 2035 penes
996 1965 1067 2015 eam
1082 1957 1290 2036 permaneant
1309 1956 1341 2015 et
1371 1948 1412 2015 ad

289 2062 392 2130 iuture
408 2059 604 2149 posteritatis
623 2057 781 2149 attingant
801 2060 988 2130 memoriam
1008 2062 1047 2130 ad
1062 2074 1218 2153 perpetue
1241 2059 1329 2154 pacis
1348 2073 1416 2133 sta·

287 2175 454 2268 bitumum,
475 2189 604 2247 cautum
628 2190 733 2248 estut
767 2174 916 2267 sigillatis
935 2174 1103 2268 rppicibos
1127 2181 1408 2252 commendentur.

288 2294 461 2382 Eapropter
483 2305 593 2362 notum
609 2289 688 2362 facio
702 2288 861 2362 uniuersis
869 2294 955 2383 qood
980 2290 1064 2363 inter
1082 2314 1134 2363 rue
1154 2306 1186 2364 et
1201 2293 1415 2384 presbiterum

288 2403 328 2474 rte
347 2403 435 2476 Nairu
456 2428 553 2497 super
567 2404 791 2496 procuratione
804 2428 900 2497 quam
920 2405 1016 2477 micbi
1032 2408 1103 2498 iure
1132 2406 1411 2481 archidiaconatus

287 2522 396 2593 «lobeni
435 2525 618 2593 asserebam
669 2519 834 2593 contentio
880 2524 1074 2595 vertebatur.
1113 2522 1263 2595 i‘redicte
1294 2523 1416 2596 etenim

288 2638 447 2730 presbiter
478 2635 616 2708 ecclesie
646 2659 681 2708 so
720 2639 767 2708 rei
810 2638 951 2730 aliquem
995 2653 1239 2710 antecessorum
1283 2661 1416 2712 suorum

289 2747 386 2820 micbi
421 2752 468 2819 rei
496 2748 592 2820 alicui
635 2762 879 2821 antecessorum
914 2772 1060 2820 meorum
1097 2772 1261 2841 nonquam
1302 2750 1410 2823 rotoi-

288 2862 376 2933 disse
411 2865 670 2953 procurationem
703 2876 891 2933 constanter
921 2867 1101 2944 asserebat,
1131 2865 1217 2934 unde
1261 2877 1294 2935 et
1324 2887 1412 2955 pres·

287 2973 445 3067 criptionc
466 2973 645 3067 longissimi
668 2975 824 3067 temporis
842 2998 878 3047 se
907 2999 924 3046 a
952 2977 1150 3067 prestatione
1176 2975 1412 3068 procurationis

286 3089 410 3161 absotri
432 3093 626 3184 postulabat.
647 3093 789 3161 'taudem
810 3089 961 3162 interme
979 3104 1011 3162 et
1042 3091 1222 3183 predictum
1257 3091 1415 3185 presbite-

287 3228 358 3276 rurs
371 3204 548 3276 amicabilis
568 3204 759 3296 compositio
784 3203 954 3276 intervenit
983 3208 1069 3297 qood
1091 3206 1265 3297 presbiter,
1289 3207 1343 3298 qui
1383 3205 1415 3278 in

288 3317 432 3409 predicta
445 3320 581 3389 ecclesia
594 3340 652 3409 pro
662 3331 806 3410 ternpore
818 3319 1029 3400 ministrabit,
1044 3318 1182 3409 singuiis
1194 3317 1287 3391 annis
1301 3321 1414 3392 decen

287 3431 410 3502 sobrios
427 3430 567 3521 capituto
587 3435 705 3502 Sancte
731 3430 843 3502 Cnrcis
869 3434 1029 3523 persolvet
1050 3431 1081 3501 in
1103 3435 1186 3503 testo
1206 3431 1358 3505 Dorothei
1381 3445 1415 3505 et

287 3544 395 3616 Severi
421 3547 600 3629 manuum,
621 3544 787 3617 canonicis
807 3547 861 3636 oui
878 3544 1056 3617 intererunt
1080 3546 1248 3617 matutinis
1269 3543 1415 3619 diriben-

287 3663 359 3730 dos.
377 3662 495 3750 Siorpre
516 3663 622 3730 uoltus
636 3660 885 3731 archidiaconus
904 3661 1113 3752 apresbitero
1129 3663 1250 3752 prefate
1276 3659 1416 3734 ecclesie

288 3772 545 3866 procurrationrm
580 3776 627 3845 rei
657 3772 775 3865 aliquid
812 3772 944 3844 nomine
974 3774 1209 3864 procurationis
1243 3776 1285 3847 de
1307 3788 1417 3848 cetero

287 3890 402 3980 poterit
419 3890 594 3980 postulare.
618 3886 803 3960 titudetiam
834 3910 1035 3980 nequaquam
1058 3887 1170 3960 censui
1198 3888 1414 3977 reticendum,

287 4003 372 4092 quod
387 4000 522 4093 trigenta
540 4002 676 4087 sobrios,
692 4024 773 4093 quos
789 4001 821 4072 iu
841 4003 982 4074 necteria
1002 4004 1043 4073 de
1078 4000 1238 4074 Sambbeci
1270 4001 1415 4095 adquisi-

293 4140 412 4196 reram,
429 4113 569 4206 rapituto
582 4120 699 4187 Sancte
713 4115 823 4187 Crucis
846 4113 981 4202 contuli,
995 4117 1055 4187 rub
1076 4117 1134 4187 bac
1148 4115 1258 4209 specie
1271 4118 1416 4190 diriben-

289 4233 348 4298 tor
368 4229 579 4320 quodripinti
600 4228 745 4299 notitiis
777 4227 998 4300 anniuersario
1025 4228 1153 4321 rutupi,
1188 4229 1295 4301 fratris
1325 4228 1411 4321 regis

297 4346 503 4422 Francorum,
524 4341 689 4414 canonicis
722 4339 775 4433 qui
791 4341 1014 4413 anniuersario
1034 4340 1224 4425 intererunt,
1244 4355 1277 4413 et
1303 4344 1416 4416 decem

290 4455 384 4525 sotidi
406 4479 437 4524 m
458 4457 557 4527 missa
584 4455 801 4547 predictorum
831 4456 997 4527 martirum
1036 4458 1155 4548 pretate
1186 4455 1297 4546 specio
1333 4453 1415 4527 diri·

290 4572 417 4639 dentor.
461 4575 573 4641 ttctum
608 4570 640 4640 in
681 4568 823 4662 capituto
854 4585 977 4649 nostro.
1017 4593 1104 4641 anno
1138 4572 1231 4640 Verbi
1258 4568 1413 4640 incarnati

291 4687 445 4755 uctutt.
