3420 5490
775 642 813 655 ..
835 609 874 671 38
896 641 934 656 .-

289 755 377 802 mum
392 733 476 824 apud
495 730 694 801 conditorem
718 731 863 800 omnium
892 735 1020 800 Deum⁶
1038 731 1184 802 obtinere
1203 733 1410 814 ennbdinrua,

289 845 389 913 dum⁰
413 841 605 913 venerabilia
634 844 703 911 ioca
740 843 780 910 ad
812 839 977 911 meliorem
1006 853 1124 910 statum
1153 856 1265 911 nostro
1293 841 1411 912 inerint

197 935 211 955 ⁸
287 954 496 1027 amminiculo
529 966 700 1047 reparata3
729 968 762 1025 et
792 953 825 1023 in
858 957 919 1025 boc
949 956 1105 1024 debemus
1133 976 1228 1025 omne
1269 952 1411 1025 sturbium

289 1072 419 1152 babere,
434 1082 480 1149 ut,
495 1068 567 1158 quia
580 1071 702 1137 nostris
723 1065 863 1158 peccatis
883 1066 1085 1156 exigentibus
1096 1088 1201 1137 rerum
1222 1069 1301 1137 ordo
1316 1066 1410 1138 nimis

288 1185 434 1253 turbatus
461 1193 524 1263 est,
554 1179 657 1262 ibum,
686 1181 898 1269 inquantum
931 1201 1118 1270 pessumus,
1141 1183 1210 1250 Deo
1232 1179 1412 1270 largentie⁴

289 1307 471 1366 sustentare
501 1315 666 1364 curemus.
695 1289 833 1363 Proinde
868 1290 992 1362 nouerit
1017 1307 1128 1363 sancta
1161 1306 1193 1362 et
1222 1291 1411 1364 uniuersalis

287 1407 442 1490 Ecclesia,
457 1422 706 1499 nostrorumque
722 1421 786 1479 tam
807 1409 1014 1500 praesentium
1034 1430 1130 1499 quum
1161 1411 1339 1479 buturorum
1358 1430 1411 1481 so·

289 1524 414 1611 tertiae
450 1524 524 1615 quia
556 1522 603 1594 vir
641 1521 832 1594 venerabibis
857 1524 1059 1609 bnsetnnst,
1089 1521 1249 1616 predictae
1268 1524 1411 1596 ciuitatis

288 1637 474 1732 episeopus,
505 1641 620 1709 adiens
649 1651 792 1710 nostram
825 1637 1043 1718 serenitatem,
1074 1637 1190 1710 obtulit
1232 1639 1411 1730 presentiae

287 1748 520 1823 auctoritatest
547 1753 823 1841 prruredecessorunn
846 1765 1043 1833 nostrorum,
1065 1748 1306 1842 apostilicorum
1327 1751 1412 1822 uiro·

288 1888 359 1936 rum
372 1868 466 1956 bojon
478 1877 599 1936 sanctu
611 1867 699 1936 sedis
713 1869 877 1948 Romanae,
904 1863 935 1933 in
953 1862 1070 1954 quibus
1090 1864 1315 1935 continebatur
1333 1887 1412 1956 qna·

288 1980 361 2049 liter
392 1979 422 2049 ei
446 2000 561 2049 omnes
589 1999 642 2048 res
658 1976 806 2048 ecetesiae
826 2000 893 2048 suae
914 1978 1144 2070 perpetualiter
1168 1979 1208 2047 ad
1228 1979 1412 2049 deservien-

287 2094 364 2163 dum
394 2090 691 2172 confirmaverint&
723 2093 890 2182 postubans
906 2104 1001 2180 atque
1017 2091 1180 2161 bumiiiter
1209 2093 1411 2163 observana‘

289 2220 409 2289 utens,
429 2227 552 2275 rnorem
573 2205 825 2296 precedentium
848 2217 972 2294 patrum
994 2217 1181 2293 soquentes,
1208 2206 1339 2275 easdem
1360 2226 1412 2277 rea

288 2325 456 2391 asancbe
481 2317 553 2389 buci
583 2315 761 2389 cultoribus
789 2320 850 2388 sub
871 2329 1135 2388 testamentorum
1165 2315 1414 2390 traditionibus!

290 2427 395 2497 eidem
415 2426 562 2497 ecciesiae
586 2428 762 2516 delegatas,
789 2448 963 2517 regumque
984 2429 1177 2508 Francorum
1201 2441 1412 2499 testamento·

289 2562 358 2609 rum
369 2542 385 2584 ¹⁶
397 2537 574 2609 munimine
593 2541 822 2629 promulgatas,
841 2551 873 2608 et
892 2537 1067 2627 apostolica
1080 2538 1269 2609 auctoritate
1280 2541 1289 2584 ¹
1302 2563 1320 2609 a
1335 2562 1412 2611 noe·

289 2652 346 2722 tris
388 2652 684 2743 predecessoribus
725 2649 847 2742 pritbm
891 2651 1079 2730 destinatas,
1123 2650 1254 2722 simili*
1290 2665 1412 2722 nostre

288 2764 516 2836 auctoritatis·
536 2764 702 2856 privilegio
726 2767 1023 2836 corroboraremus.
1046 2767 1143 2855 Cujus
1159 2788 1220 2837 nos
1238 2765 1412 2837 liberabitu-

292 2878 355 2950 tis⁰
373 2880 544 2972 benignum
565 2879 753 2972 petitionem
773 2878 911 2971 gratuito
930 2883 1036 2951 bauore
1050 2879 1280 2972 suscipimus&
1300 2882 1413 2953 ritum·

288 3007 371 3087 quet
397 2997 553 3067 ducentes
576 2994 607 3064 iu
631 3017 725 3085 agere
749 2994 961 3067 decrevimus.
1013 2999 1074 3066 bes
1114 3007 1221 3067 autern
1254 3020 1336 3088 quas
1373 2995 1406 3067 in

290 3108 531 3201 presentiarum
558 3108 627 3199 ipsa
659 3109 774 3180 retinet
799 3111 937 3181 ecclesie
964 3113 1013 3180 be
1044 3125 1148 3181 sunt:
1183 3111 1411 3183 bonasterium

288 3223 391 3295 sancti
413 3221 543 3295 Evertii.
566 3221 790 3294 Monastcrium
813 3222 915 3296 saneti
937 3223 1107 3316 bipbaruit
1129 3248 1203 3296 cum
1223 3228 1412 3317 rebusque

193 3417 196 3420 ,
288 3337 412 3411 suntin
429 3339 578 3422 Pontino,
602 3350 633 3410 ct
660 3338 692 3409 in
723 3337 927 3410 basenensi⁸
957 3361 1049 3431 pago,
1071 3354 1103 3411 et
1122 3339 1153 3410 in
1176 3339 1344 3412 Provincia
1375 3362 1413 3413 er

287 3456 400 3527 eedem
426 3456 553 3524 abbatia
576 3451 821 3546 pertinentibus,
839 3476 973 3545 quarum
1002 3458 1072 3526 brec
1090 3469 1167 3525 sunt
1197 3457 1351 3527 nomina:
1376 3456 1410 3527 in

287 3566 435 3649 Pontico,
458 3566 529 3638 viba
546 3565 747 3652 nutriemur
781 3567 931 3638 omnibus
956 3567 1018 3638 sibi
1038 3571 1134 3640 rebus
1160 3569 1412 3661 pertinentibus.

289 3680 515 3751 bonasterium
529 3680 630 3751 sancti
645 3680 801 3751 Maximini
816 3684 1150 3753 monacborunr.1tem
1167 3687 1289 3774 capeba
1299 3691 1309 3730 ¹
1319 3707 1416 3757 sano·

290 3795 313 3864 ti
333 3793 490 3894 barimini
508 3796 595 3883 juata
616 3817 754 3864 murum.
778 3794 1002 3865 bonasterium
1021 3794 1123 3865 sancti
1147 3798 1230 3867 Petri
1258 3797 1413 3869 virorum.

290 3904 516 3977 lonasterium
547 3905 649 3977 sancti
678 3906 760 3978 Petri
795 3910 983 3999 puellarum.
1024 3906 1250 3980 bonaaterium
1292 3924 1414 3982 sanctae

321 4214 386 4267 XIX
401 4241 432 4254 -
444 4218 470 4269 b.
486 4215 517 4276 S)
530 4216 676 4266 erpuinum.
694 4242 725 4256 -
745 4233 768 4268 o.
783 4218 814 4279 1))
828 4219 908 4283 quod.
923 4244 953 4255 -
967 4219 995 4267 d.
1011 4218 1046 4277 B)
1063 4218 1116 4267 Deo
1133 4217 1201 4283 larg.
1218 4235 1373 4285 ροιιιιιιιιιι.
1384 4246 1418 4263 -

290 4311 314 4348 e.
333 4297 364 4357 b)
376 4296 506 4347 sollertia.
528 4320 558 4333 -
583 4298 605 4357 s.
624 4296 656 4356 bn
673 4297 818 4349 Arnubsue.
842 4324 874 4340 -·
893 4315 921 4361 p.
938 4301 967 4355 8)
981 4299 1165 4350 authoritates.
1179 4325 1211 4339 -
1231 4302 1258 4351 b.
1273 4304 1310 4364 S)
1321 4302 1417 4354 contir-

289 4383 440 4428 rnaverunt.
453 4399 484 4413 -
499 4376 519 4427 a'.
536 4378 606 4425 Corr
627 4377 782 4428 obsecrans.
799 4405 831 4416 -
838 4379 854 4442 j
876 4381 905 4439 S)
919 4378 1126 4429 eruditionibus.
1139 4404 1170 4418 -
1181 4381 1208 4429 k.
1225 4380 1255 4441 bt
1272 4380 1416 4447 privilegii.

288 4460 397 4519 -1.S)
412 4457 585 4507 authoritate.
602 4483 630 4494 -
643 4473 679 4506 rra.
692 4458 725 4520 S)
739 4459 872 4509 aimtbter.
885 4486 915 4496 —
934 4476 962 4509 ra.
976 4461 1006 4518 5)
1024 4459 1206 4512 autboritetis.
1227 4488 1254 4498 -
1268 4476 1294 4510 o.
1310 4462 1341 4523 Β)
1354 4461 1417 4513 bbe-

289 4536 390 4588 ralitcr.
407 4564 435 4574 -
451 4553 480 4599 p.
506 4533 534 4594 tt,
562 4538 742 4601 aurseepimus.
759 4564 791 4578 -
816 4554 843 4604 q.
863 4538 894 4599 b)
914 4547 1066 4604 ratumque.
1094 4568 1124 4577 -
1150 4554 1172 4590 r.
1200 4540 1233 4602 B)
1253 4539 1419 4606 hubardi.-

288 4632 310 4667 a.
329 4618 362 4678 B)
377 4616 461 4667 Maso.
474 4642 506 4656 ·-
518 4623 537 4668 t.
553 4618 582 4680 Β)
600 4619 742 4682 capellam.
