3420 5490
771 706 890 770 -t38
915 742 950 754 -

293 837 437 926 ejusdem
458 836 575 904 domus
603 855 641 905 ac
670 832 773 904 eciam
805 831 912 902 omniu
940 832 1090 904 utensilia
1123 839 1157 904 lu
1187 837 1300 905 eudem
1326 839 1424 907 domo

293 946 473 1031 existentia,
495 948 655 1017 mouentia
683 948 725 1037 (l)
752 969 789 1016 es
810 959 898 1037 purtc
917 944 995 1016 dicti
1017 945 1188 1039 lladulplui,
1216 946 1276 1018 situ
1298 948 1423 1021 durelie

293 1085 392 1154 prope
417 1060 610 1132 cimiterium
628 1063 744 1130 Sancte
774 1058 898 1143 Crucis,
920 1058 1067 1131 uidelicet
1088 1064 1120 1130 in
1145 1063 1216 1132 rico
1244 1062 1422 1154 Serpentis,

287 1179 375 1268 justa
395 1178 527 1246 domum
561 1171 701 1245 deluncti
732 1171 860 1244 llolrerti
891 1176 930 1244 de
962 1172 1087 1255 llordis,
1116 1197 1153 1245 es
1173 1198 1235 1246 unu
1260 1190 1361 1268 purte,
1391 1190 1425 1247 ct

292 1294 422 1363 domum
442 1288 583 1360 defuncti
605 1289 690 1359 l'etri
713 1286 800 1359 Puris
828 1290 872 1380 tl)
890 1310 927 1359 es
954 1290 1064 1375 ultera,
1097 1286 1128 1359 iu
1158 1287 1286 1361 cerusira
1309 1289 1419 1362 Sancti

292 1404 371 1477 Auiti
396 1403 646 1488 Aurelianensis,
665 1404 875 1474 uendiderunt
895 1402 1129 1475 uenerabilibus
1147 1406 1222 1476 uiris
1242 1407 1365 1477 decano
1390 1420 1424 1477 et

292 1520 432 1611 capitulo
458 1517 743 1590 Aurelianensilrus
770 1532 801 1587 et
821 1516 1022 1590 vendicionis
1042 1517 1174 1591 nomine
1203 1517 1422 1612 quittaverunt

292 1634 529 1725 inperpetuum
549 1646 580 1703 et
597 1632 693 1702 etiam
714 1647 949 1702 eorrecsseruut
967 1634 1056 1723 quite
1075 1646 1107 1703 et
1130 1632 1230 1705 liltcre
1249 1634 1421 1725 possidec-

290 1750 363 1816 dam
388 1749 426 1815 ud
458 1748 570 1816 decent
592 1759 716 1835 septem
746 1747 896 1815 deruanus
926 1762 959 1815 et
988 1748 1118 1816 obolum
1143 1748 1326 1830 censuales,
1351 1750 1421 1837 jus,

290 1856 482 1940 dominium,
505 1858 733 1950 proprietatem
753 1872 784 1927 et
809 1871 907 1928 toturn
931 1860 1171 1949 possessiouem
1195 1856 1281 1930 dicte
1304 1861 1422 1931 domus

289 1987 321 2045 ct
341 1972 483 2044 omnium
500 1970 771 2062 pertinenciurum
786 1970 889 2062 ipsius
908 1970 940 2041 iu
955 1975 1088 2043 eosdem
1108 1974 1267 2044 decanum
1282 1988 1314 2044 ct
1330 1976 1421 2066 capi·

291 2090 392 2157 tulum
423 2085 561 2157 totaliter
593 2086 831 2169 transferendo,
852 2097 884 2154 et
904 2082 1002 2155 nicluil
1018 2083 1078 2154 silui
1099 2087 1134 2154 in
1149 2084 1273 2156 eisdem
1292 2084 1423 2179 aliquo-

290 2200 397 2270 minus
428 2200 612 2282 retinendo,
648 2221 747 2284 sonus
777 2196 866 2287 ipsos
894 2200 934 2267 de
966 2198 1050 2268 dictu
1078 2201 1175 2268 domo
1204 2212 1237 2269 et
1265 2200 1419 2272 omuibus

290 2311 491 2406 pertinentiis
515 2313 619 2402 ipsius
635 2309 828 2382 desesieudo
848 2333 955 2380 coram
982 2310 1088 2394 nolus,
1110 2325 1143 2383 et
1161 2314 1295 2384 eosdem
1323 2315 1419 2383 deca·

290 2448 366 2496 uum
386 2439 419 2497 et
438 2424 612 2516 capitulum
628 2426 668 2494 de
687 2426 812 2494 eisdem
833 2426 982 2514 ponendo
997 2422 1028 2494 iu
1043 2424 1284 2517 possessiouem
1304 2448 1420 2519 corpo·

290 2542 387 2610 uelem
409 2561 464 2629 per
486 2536 694 2609 tradicionem
716 2537 914 2628 presentium
945 2537 1134 2626 litterarum,
1163 2538 1272 2630 precio
1304 2538 1415 2631 uipiuti

288 2664 425 2742 quatuor
454 2649 604 2720 librarum
635 2648 843 2741 parisiorum¹
864 2648 1039 2739 dequibus
1071 2673 1107 2721 se
1140 2663 1314 2721 tenuerunt
1336 2651 1413 2723 dicti

290 2765 474 2855 lludulplrus
494 2765 566 2855 (sic)
586 2785 694 2833 corum
715 2762 808 2832 nolris
838 2763 962 2852 integro
990 2784 1045 2853 pro
1073 2762 1196 2853 purgatis
1218 2762 1249 2833 iu
1280 2763 1416 2854 pecunia

289 2894 466 2951 numeratu.
486 2877 723 2949 llermuciuutes
742 2893 828 2948 etc...
852 2877 1071 2949 l'rorniseruut
1089 2888 1177 2951 etc...
1201 2880 1236 2949 lu
1256 2880 1349 2968 cuius
1369 2876 1415 2951 rsi

289 2995 508 3067 testimouium
526 3009 693 3089 presentes
714 2994 834 3066 littorus
854 2993 959 3085 sigilio
975 2993 1214 3067 duruliuueusis
1232 2992 1322 3067 curie
1341 2994 1416 3067 leci-

290 3136 361 3183 mus
374 3110 517 3203 sigilluri.
543 3115 657 3181 lluturu
673 3134 757 3182 arturo
772 3112 899 3181 llomiui
915 3109 1088 3183 millesimo
1101 3109 1325 3183 ducentesimo
1341 3114 1416 3183 lxx

288 3239 401 3320 quarto
415 3228 653 3319 (circitorum...
677 3223 760 3294 luenti
781 3224 968 3293 Clementis.

1005 3342 1199 3409 tlurrrssruus
1218 3342 1323 3410 llutus.

303 4632 490 4711 '¹Nourells
518 4646 631 4703 prouue,
660 4634 742 4702 spol-s
770 4636 828 4684 tunt
858 4630 988 4698 d'sutrcs,
1014 4631 1083 4703 qu'il
1112 4630 1171 4687 laut
1196 4632 1417 4689 sous-rutendrs

290 4718 490 4776 denariorum.
