3420 5490
772 696 809 711 -
832 665 868 724 aa
892 697 928 710 -

238 773 247 786 ⁹
286 790 391 858 eidem
412 789 551 878 capitulo
567 787 691 875 integro
703 810 738 857 ct
752 789 1001 874 jurcliobcntlos
1022 788 1269 877 recognovimus
1286 800 1319 858 et
1337 810 1416 858 con-

288 899 458 970 cessimus.
482 902 559 970 lluic
575 922 652 989 ergo
671 901 876 970 concessioni
893 913 1012 969 nostin
1033 897 1110 968 nulli
1125 921 1272 991 personae
1304 904 1351 970 las
1374 899 1418 970 sit

288 1013 395 1104 aliquo
413 1012 553 1083 inmotlo
566 1027 730 1103 posterum
754 1012 924 1083 contraire.
952 1016 1107 1083 l'rnterea
1127 1013 1168 1081 tls
1186 1035 1279 1083 casua
1299 1036 1372 1103 qun
1398 1034 1415 1083 a

289 1125 426 1195 Domino
445 1128 519 1195 lesu
536 1126 664 1194 cbristo
679 1122 868 1195 imminente
886 1122 988 1216 insius
1017 1122 1182 1215 passione,
1211 1125 1340 1215 quando
1360 1149 1417 1216 pe-

289 1239 347 1308 des
366 1236 440 1308 latit
456 1235 699 1328 discipulorum,
722 1235 885 1308 humiliter
903 1239 1096 1308 celebratata
1116 1249 1179 1318 est,
1200 1251 1231 1308 et
1253 1239 1347 1330 cnjus
1366 1261 1416 1310 rs·

290 1350 495 1441 'irnsentatio
514 1348 674 1442 Apostolis
694 1349 885 1441 otiosorum
905 1349 1039 1422 l'icariis
1057 1347 1243 1441 specialiter
1262 1349 1294 1421 in
1309 1374 1417 1425 casm·

291 1469 377 1558 ulum
393 1480 425 1537 et
445 1472 578 1536 lnrmam
596 1465 783 1537 humilitatis
801 1468 941 1557 injuncta
962 1481 1011 1537 est
1027 1480 1057 1538 et
1072 1465 1196 1549 relicta,
1212 1480 1245 1538 et
1262 1467 1304 1540 tls
1324 1466 1418 1538 lumi·

291 1581 357 1651 umi
377 1584 463 1671 ‹iuotl
479 1579 509 1651 in
535 1581 706 1653 lestititatc
732 1580 945 1671 gloriossimo)
965 1580 1104 1672 Virginis
1132 1580 1234 1652 llariae
1254 1583 1294 1654 tle
1314 1579 1418 1674 ipsius

292 1694 514 1765 l‘urilleatione
533 1693 649 1783 agitur,
671 1695 783 1766 liumili
804 1695 1034 1765 canonicorum
1068 1693 1224 1786 petitione
1245 1696 1419 1766 statuimus

290 1811 375 1900 quod
409 1823 580 1898 utrumque
610 1808 704 1878 annis
731 1808 880 1900 siugulis,
916 1832 1042 1879 cinnam
1077 1807 1227 1880 videlicet
1253 1820 1286 1879 et
1325 1807 1420 1879 lumi·

292 1947 381 2000 nare.
402 1924 469 1992 siue
490 1921 667 1994 Aurelianis
694 1938 870 2013 presentes
894 1921 962 1993 sire
983 1925 1137 1994 absentes
1167 1922 1285 2005 simus,
1301 1945 1420 1994 secun

292 2038 368 2104 «lum
388 2035 553 2124 antiquum
571 2059 692 2106 morern
703 2039 861 2107 Ecclesim
872 2039 911 2106 ‹le
928 2050 1038 2106 nostro
1055 2034 1224 2116 laciemus‚
1239 2033 1419 2105 adicientes

293 2149 378 2236 «tituil
400 2147 431 2215 in
447 2147 562 2217 tliebtrs
583 2146 701 2216 nostris
719 2161 867 2216 neutrum
887 2147 1145 2237 deprecabimur,
1160 2161 1193 2219 st
1212 2150 1274 2217 sub
1288 2148 1421 2217 anathe-

294 2273 378 2327 mate
399 2258 606 2348 rirolribcntes
625 2281 665 2328 ne
685 2262 751 2328 ullo
775 2261 871 2328 modo
892 2260 986 2328 nobis
1002 2262 1049 2328 rel
1080 2258 1328 2329 successoribus
1348 2281 1422 2329 nos

295 2369 351 2437 tris
372 2384 516 2460 tempore
546 2369 652 2458 aliquo
679 2370 857 2460 arnpitulo
877 2372 1115 2439 condonentur.
1143 2373 1182 2440 tu
1214 2371 1287 2439 baec
1313 2382 1422 2439 autem

295 2497 457 2573 nerrietum
488 2482 670 2552 stabilitatis
697 2481 863 2554 obtineant
901 2480 1150 2562 munimentum,
1184 2481 1281 2570 sigilli
1318 2479 1420 2551 nostri

295 2595 481 2665 auctoritate
497 2595 819 2665 subterfirmavimus.

339 2714 451 2778 Actum
472 2709 649 2780 torcellanis
669 2709 699 2778 in
716 2710 856 2800 capitulo
880 2715 1007 2781 Sancte
1032 2708 1143 2780 Crucis
1164 2707 1307 2800 publice,
1337 2731 1424 2780 anno

296 2821 450 2892 incarnati
486 2821 578 2894 l'crbi
609 2826 722 2903 lleV‚
759 2839 912 2914 regnante
948 2824 1089 2915 glorioso
1117 2826 1310 2894 Francomm
1347 2844 1425 2913 rege

296 2934 467 3021 brinnaico,
497 2936 645 3008 bononici
677 2937 754 3019 otio,
786 2961 872 3008 aurio
899 2936 987 3029 regni
1012 2936 1062 3008 sui
1084 2940 1188 3024 xlm,
1217 2934 1425 3029 episcopatus

296 3074 370 3121 uero
395 3053 496 3121 nostri
517 3076 602 3123 auno
618 3055 697 3124 tut.

342 3169 455 3236 batum
474 3191 532 3258 per
551 3191 680 3238 manum
702 3168 820 3257 turim
841 3167 1043 3239 cancellarii.

836 3489 886 3552 vtt

650 3738 765 3820 [spru
788 3742 818 3802 u
839 3742 858 3802 ³
879 3740 970 3820 sonu
997 3740 1074 3803 rtet

301 3967 378 4035 lesu,
394 3969 499 4039 estque
522 3966 679 4032 d'0rlesns,
696 3966 814 4021 acrorde
838 3983 874 4021 aa
899 3969 1025 4041 chapitm
1050 3969 1066 4022 b
1090 3969 1246 4042 perpetuitl
1272 3970 1299 4026 la
1314 3969 1428 4027 rillatls

338 4064 475 4134 l'illepion
490 4068 519 4118 st
531 4063 557 4117 le
567 4062 626 4116 clos
636 4061 671 4117 de
686 4063 767 4133 signs
782 4063 817 4118 tle
829 4063 945 4134 (inim.

367 4257 512 4326 (original,
524 4258 609 4313 secu.
626 4257 663 4310 du
677 4257 782 4323 boirst,
797 4259 832 4312 G.
847 4257 912 4312 bil.
928 4287 961 4298 -
976 4257 1062 4328 Gopls
1077 4257 1112 4311 tle
1128 4259 1239 4328 Beluae,
1256 4277 1284 4332 p.
1300 4259 1358 4327 Β.)

351 4525 382 4592 ln
404 4521 534 4591 nornine
562 4535 684 4590 sanctu
702 4533 734 4591 et
754 4518 928 4591 individue
951 4517 1127 4593 Trinitatis.
1155 4524 1221 4613 ligo
1252 4524 1430 4607 lohannes,

308 4637 362 4708 lici
378 4639 477 4726 gratia
499 4635 736 4707 Aurelianensis
750 4635 934 4729 episcopus,
955 4648 989 4708 et
1006 4640 1190 4726 Stculaanus
1209 4641 1336 4707 Sanctae
1356 4642 1435 4708 Gru·

1325 4781 1344 4832 2
