3420 5490
803 1088 917 1152 CXCVI

745 1387 858 1452 luillel
880 1386 958 1452 tant

342 1634 433 1706 (Orig.
449 1649 500 1690 our
513 1634 611 1706 parelr,
631 1635 716 1693 Arch.
733 1635 772 1692 du
787 1635 890 1707 Loirel,
906 1638 941 1694 G.
956 1636 1030 1704 325;
1050 1614 1176 1694 meallen
1189 1636 1364 1712 Scriptum).

340 1883 418 1953 Acte
465 1885 709 1975 eompllteoecnt
752 1887 920 1977 idenliqtte
944 1889 976 1974 Ιὰ
1006 1890 1039 1959 lo
1075 1888 1185 1959 clorlc
1218 1891 1308 1976 CXC,
1342 1895 1422 1982 toul

294 2017 356 2065 une
371 1998 490 2086 plerane
506 1999 630 2086 ojeotee
647 2020 687 2068 cn
714 1999 732 2068 l
757 2023 765 2068 :
799 2029 814 2062 ‹
837 2002 883 2070 [lc
911 1998 1048 2071 consilio
1066 2014 1174 2073 autern
1196 2014 1228 2073 ct
1256 2006 1419 2077 voluntate

299 2108 457 2199 prenotati
488 2109 701 2180 archidiaconi
731 2114 873 2202 prelatus
902 2115 972 2183 Ode
997 2112 1141 2197 Borrelli,
1171 2137 1303 2186 nomme
1331 2106 1418 2188 dicte

299 2220 487 2304 elemosine,
509 2222 710 2294 Goillelmnm
728 2228 856 2296 Gaoelte
875 2229 1096 2297 etlolrannam
1111 2250 1240 2299 uxerem
1259 2230 1330 2319 ejus
1343 2251 1416 2300 cum

296 2357 408 2406 eorum
424 2335 497 2406 liliis
518 2349 548 2408 et
573 2336 715 2408 lenenris
735 2361 775 2410 eo
795 2341 891 2411 merle
910 2362 975 2429 quo
994 2339 1189 2431 premissum
1206 2355 1257 2413 est
1280 2343 1418 2415 ecclesie

294 2448 514 2521 llnreliancnsi
534 2449 622 2522 tlctlit
642 2465 674 2523 et
692 2452 931 2542 assignarit...»

785 2859 913 2922 cxcvtt

707 3163 901 3244 Septembre
916 3159 994 3226 tuat

295 3415 382 3470 ilenti
397 3415 432 3469 de
446 3414 534 3485 Sully,
548 3414 681 3485 seigneur
693 3414 727 3468 do
740 3414 867 3478 Vicraon,
884 3413 973 3468 ratille
985 3412 1012 3467 le
1026 3414 1085 3483 legs
1097 3412 1146 3467 ltil
1160 3427 1210 3483 par
1237 3404 1284 3465 ieu
1313 3409 1414 3478 ttent,

328 3512 459 3580 seigneur
471 3510 506 3565 de
520 3510 651 3578 vieraon,
666 3526 702 3564 au
717 3509 843 3580 chapltre
864 3508 899 3564 de
914 3507 1106 3565 Salute-croix
1118 3507 1154 3564 de
1163 3507 1199 3563 60
1212 3521 1280 3564 sous
1293 3506 1416 3563 derenlo

324 3606 455 3662 annuelle
469 3621 519 3661 sur
534 3606 561 3660 le
572 3604 677 3676 leslage
691 3606 726 3660 de
740 3606 870 3661 Vierzon.

501 3750 590 3819 (orig.
610 3765 661 3804 sur
675 3751 770 3820 perch.
791 3750 876 3805 llrch.
899 3748 938 3805 du
953 3748 1056 3819 loiret,
1073 3750 1130 3820 6.).

334 3990 488 4062 ilenricus
509 3991 549 4060 de
565 3988 703 4074 Soliaco,
721 3990 872 4060 dominus
891 3987 1061 4072 Virsienis,
1083 3988 1234 4092 omnibus
1248 4001 1415 4086 presentes

288 4104 410 4176 litteras
425 4103 619 4195 inspecturis
639 4105 775 4175 salntem
795 4127 827 4172 m
840 4102 990 4174 Domino.
1007 4101 1158 4175 Norerinl
1173 4102 1314 4175 universi
1330 4106 1416 4195 qued

288 4243 362 4288 cum
384 4217 500 4289 rrolrilis
524 4217 569 4288 vir
597 4221 737 4289 llerrens
768 4219 852 4288 bone
878 4216 1045 4301 memorie,
1068 4220 1230 4308 qrrontlam
1266 4214 1417 4288 dominus

289 4330 519 4413 virsionensis,
541 4330 617 4401 viris
643 4329 882 4402 venerabilibus
902 4331 1027 4402 decano
1051 4342 1085 4401 et
1109 4328 1251 4422 capiterio
1282 4328 1419 4401 Aurelia·

290 4445 447 4517 nensibus
463 4444 626 4538 sexaginta
651 4447 773 4517 solidos
795 4442 890 4517 annis
908 4443 1044 4536 singuiis
1063 4444 1096 4515 in
1112 4443 1248 4536 lestagio
1281 4446 1322 4518 de
1353 4443 1418 4516 Vir·

291 4557 383 4632 sione
402 4561 443 4630 rie
457 4561 509 4630 illa
529 4572 658 4630 moneta
678 4560 719 4630 de
737 4581 799 4649 qua
824 4556 856 4630 in
885 4560 998 4631 eadem
1019 4560 1093 4630 tilla
1115 4556 1250 4650 reliqum
1276 4559 1419 4630 solvetur

289 4672 461 4764 lestagium
481 4670 513 4743 in
542 4676 625 4744 leste
651 4673 762 4744 Sancti
785 4668 919 4764 Remigii
940 4668 1166 4765 percipiendos
1185 4671 1219 4743 io
1232 4669 1343 4743 ultima
1359 4692 1418 4742 aua
