3420 5490
818 1021 916 1083 XXVI

371 1274 501 1344 bairan,
517 1271 554 1336 at
571 1271 691 1336 ferrier
703 1273 736 1354 (3
751 1274 810 1338 des
825 1275 886 1337 cal.
903 1273 946 1337 de
959 1275 1064 1355 mars)
1084 1274 1175 1356 [1158
1192 1292 1235 1338 ou
1251 1275 1329 1340 11119
1340 1273 1364 1355 Ἰ

302 1500 405 1559 ddrien
418 1498 455 1556 iii
466 1502 601 1558 confirmo
612 1500 639 1556 la
654 1501 758 1558 remise
772 1502 864 1559 iaited
879 1503 1072 1560 Scinio-croix
1087 1520 1138 1576 par
1162 1504 1189 1560 ie
1211 1503 1253 1559 roi
1277 1502 1363 1560 Leuis
1376 1503 1427 1561 Vll

336 1598 386 1654 des
400 1598 487 1654 droits
501 1616 605 1672 ropaux
625 1614 676 1654 eur
696 1599 737 1655 ies
752 1605 841 1656 terres
860 1600 1032 1673 dpiseopaies
1056 1607 1084 1656 et
1105 1589 1286 1673 oapiiuieires
1303 1599 1427 1673 pendani

338 1695 364 1750 la
378 1711 497 1752 vacanee
512 1693 550 1751 du
562 1696 638 1768 siege
652 1696 804 1768 episcopal,

669 1865 766 1937 (Copia
779 1864 815 1920 de
830 1865 940 1933 Baluze,
954 1881 983 1937 p.
999 1865 1059 1935 25.)

348 2085 503 2157 Adrianus
518 2083 704 2177 episcopus,
720 2105 832 2154 servus
858 2105 1023 2153 serrorum
1064 2085 1136 2166 liei,
1166 2082 1339 2155 venerabili
1364 2089 1425 2155 ira-

303 2203 342 2271 tri
363 2205 541 2281 Manassen,
563 2195 781 2268 bureiianensi
803 2195 968 2287 episcopo,
995 2198 1130 2267 satutem
1160 2210 1193 2268 et
1218 2195 1427 2288 apostolicam

303 2312 575 2386 benedictionem.
598 2310 761 2398 Quociens
780 2323 923 2401 regeret
942 2309 1105 2402 principes
1122 2309 1223 2382 secnii
1240 2308 1428 2382 iiberaiitate

301 2452 358 2498 sna
379 2425 596 2499 sacrosanctis
614 2423 762 2497 ecclesiis
790 2423 914 2515 aiitpras
940 2423 1159 2496 immunitates
1189 2424 1370 2516 indulgent,
1396 2440 1429 2497 et

300 2545 338 2613 ad
355 2541 386 2613 id
407 2540 561 2612 divinitus
578 2539 786 2632 inspirantur,
803 2541 887 2630 qnod
908 2540 948 2610 ad
984 2541 1138 2611 bonorem
1159 2540 1218 2611 Dei
1236 2552 1268 2612 et
1297 2541 1429 2612 iiberta·

299 2671 363 2730 tem
384 2656 596 2728 ecetesiarnn
617 2668 649 2725 et
665 2656 801 2725 saiutctn
827 2653 1005 2724 animarum
1038 2677 1168 2724 suarum
1190 2652 1334 2725 noscitur
1354 2678 1427 2747 pro·

299 2773 421 2855 uenire,
443 2773 482 2841 ab
502 2792 558 2841 ore
574 2783 684 2840 nostro
702 2791 759 2840 eos
780 2766 930 2859 prosequi
958 2791 1017 2839 uos
1050 2781 1189 2860 oporiet,
1217 2781 1249 2840 et
1282 2770 1367 2859 quod
1387 2772 1427 2840 ab

298 2889 347 2958 eis
362 2883 564 2956 laudabiliter
579 2896 705 2974 gestum
728 2880 834 2961 suerit,
855 2883 1046 2953 auctoritaie
1069 2881 1246 2973 apostolica
1277 2885 1427 2954 roborare

299 3015 346 3082 ut,
363 2998 413 3070 bis
433 3023 505 3089 quae
525 3001 608 3068 bene
624 3010 713 3088 gesta
734 3008 810 3066 sunt
828 2994 903 3065 binc
922 2994 1121 3085 *auctoritate
1137 3019 1249 3087 regum
1268 2995 1343 3068 binc
1359 3020 1427 3067 rnu-

298 3112 420 3183 nimine
435 3109 624 3182 sacerdotali
646 3108 792 3190 stt-matis,
814 3107 920 3180 omnis
941 3107 1134 3198 malignandi
1154 3122 1187 3180 et
1205 3107 1353 3179 turbandi
1369 3111 1427 3179 ad·

299 3226 361 3296 itus
375 3246 544 3316 pravorum
565 3223 709 3293 anniacirn
730 3224 762 3290 in
784 3234 947 3310 posterum
977 3224 1176 3305 obstruatur,
1216 3234 1250 3292 et
1280 3224 1425 3293 Ecclesia

300 3339 354 3410 Dei
375 3339 436 3409 sub
451 3334 539 3407 ornni
559 3358 635 3427 pace
658 3338 772 3406 donata
803 3332 949 3404 libertate
980 3336 1119 3404 butetur.
1142 3332 1336 3404 itarissinnns
1369 3356 1425 3404 au·

258 3461 260 3464 ⁴
300 3464 362 3523 tour
382 3451 413 3521 in
435 3449 560 3521 Cbristo
581 3451 664 3520 iiiios
688 3463 801 3519 noster
823 3448 1040 3541 b[udouieus],
1063 3446 1196 3519 ittnsnts
1230 3451 1425 3519 Francorum

300 3589 364 3647 rer,
381 3564 497 3634 diuina
517 3563 598 3655 iegis
612 3584 720 3633 amore
748 3584 942 3646 succensus,
974 3586 1030 3652 pro
1050 3564 1152 3632 sainte
1172 3585 1229 3632 sna
1250 3574 1283 3633 et
1321 3559 1425 3653 regni,

298 3679 482 3752 exactiones
515 3679 682 3768 quasdam,
709 3699 789 3765 quas
818 3681 851 3746 in
891 3674 1154 3766 possessionibus
1173 3688 1206 3747 et
1239 3673 1426 3748 bominibus

299 3790 537 3862 Aurelianensis
554 3788 716 3873 ecciesiae,
733 3812 860 3859 trecuon
889 3787 1129 3881 episcopalibus
1164 3788 1327 3869 domibus,
1361 3802 1425 3860 taru

299 3905 367 3996 ipse
386 3927 483 3995 utram
503 3917 728 3975 antecessores
742 3901 844 3994 ipsius
865 3917 898 3974 et
917 3901 1054 3973 ministri
1075 3926 1186 3974 eorum
1221 3903 1253 3975 in
1287 3906 1425 3976 decessu

300 4016 485 4111 pontiticum
506 4016 652 4090 consueti
671 4021 797 4088 inerant
814 4040 976 4100 exercere,
1007 4015 1112 4088 diuina
1135 4017 1348 4110 inspiratione
1374 4041 1426 4091 ro-

299 4131 397 4214 misit,
420 4143 452 4201 et
473 4153 512 4201 ne
527 4152 756 4201 successorum
775 4152 908 4200 snorum
933 4127 1049 4218 abnuis
1068 4153 1140 4220 qum
1165 4132 1205 4200 ab
1238 4153 1278 4201 eo
1307 4132 1425 4202 remis·

333 4436 342 4472 ¹
364 4435 467 4491 Adrion
483 4435 519 4490 tv
534 4435 574 4491 brt
589 4452 659 4508 pape
673 4436 710 4492 dn
725 4436 743 4492 3
758 4434 907 4492 decembre
923 4433 992 4490 1151
1013 4450 1049 4490 eu
1070 4435 1112 4489 ter
1136 4437 1296 4509 septembre
1309 4436 1387 4493 1159.
1402 4436 1425 4493 lt

299 4526 417 4581 11111111
444 4525 544 4580 Latren
570 4525 595 4580 ie
618 4525 654 4581 b'l
682 4525 786 4582 idrrier
813 4526 899 4597 qu’en
927 4524 1010 4595 1157,
1037 4523 1109 4580 1158
1133 4530 1160 4581 et
1191 4524 1270 4581 1159.
1295 4524 1375 4581 Endn
1399 4527 1427 4582 io

300 4612 376 4671 butte
403 4615 490 4671 XXV!
522 4631 552 4671 se
584 4615 675 4670 rdiere
711 4616 726 4670 d
764 4616 844 4671 l'acte
876 4615 909 4671 bt
946 4615 1151 4673 certaincment
1191 4616 1348 4689 poatdrieur
1389 4631 1426 4670 111

298 4703 334 4760 ³0
348 4721 424 4759 mars
438 4703 516 4761 1157.
533 4703 646 4760 Restent
661 4706 737 4761 senis
753 4704 890 4779 possibies
905 4705 945 4761 ies
958 4705 1123 4763 millesimes
1137 4703 1208 4764 1158
1222 4708 1248 4760 ei
1259 4703 1341 4765 1159.
