3420 5490
770 571 930 636 -97-

288 701 407 784 terris3
439 711 471 769 et
496 721 677 789 quanquam
716 697 812 768 nichil
833 697 896 768 illis
913 697 1033 789 praemii
1054 702 1236 770 conseratur
1261 721 1279 769 a
1303 698 1411 782 uobis,

288 812 381 882 nobis
395 825 499 882 tamen
515 833 639 881 merces
651 809 814 899 religionis
827 812 1062 881 aucmentando
1077 811 1255 901 adquiritur
1269 836 1278 893 ;
1294 834 1332 881 ac
1346 834 1411 882 non

288 928 391 995 solum
413 929 525 994 lutuno
546 922 747 1013 repensionis
773 925 904 994 denario
925 936 1052 994 nosmet
1080 922 1171 993 ditari
1202 923 1410 1008 conlldiruus,

290 1041 346 1109 sed
362 1052 394 1109 et
410 1035 577 1128 pinsentis
598 1038 669 1106 vitae
695 1037 855 1107 curriculo
874 1039 914 1106 ab
947 1036 1192 1108 imminentibus
1220 1037 1412 1108 anxietatem

291 1150 454 1243 periculis,
474 1149 597 1223 eisdem
614 1147 914 1234 interuenientibus,
936 1149 1130 1222 multociens
1162 1149 1301 1222 liberari.
1332 1156 1416 1236 Qua·

291 1279 420 1357 propter
440 1264 571 1335 minime
585 1263 798 1334 dubitandum
815 1275 864 1335 est
884 1263 1014 1335 mteruis
1044 1287 1104 1334 nos
1136 1262 1304 1356 suppliciis
1334 1263 1415 1334 allli-

291 1385 427 1473 gendos,
453 1382 479 1452 si
499 1381 633 1453 aliorum
663 1393 734 1452 rota
765 1394 829 1453 tam
858 1380 1027 1453 temerarie
1065 1380 1265 1473 applicamus
1300 1382 1415 1452 usibus

293 1494 424 1580 nostris,
450 1508 482 1568 et
501 1518 566 1567 non
586 1495 708 1568 eisdem
736 1493 816 1567 locis
833 1494 950 1586 qrribus
969 1497 1121 1567 attributa
1147 1507 1224 1565 suut
1250 1516 1417 1566 remanere

293 1607 521 1701 permittimus.
544 1612 633 1682 Unde
653 1609 818 1700 cujrrsdam
833 1609 890 1680 riri
905 1608 1061 1700 sapientis
1080 1633 1304 1682 ammonemur
1317 1593 1417 1682 docu-

293 1721 420 1809 mentis,
442 1721 560 1813 quibus
579 1722 652 1793 ait:
683 1730 772 1795 Aule
800 1737 933 1795 mortem
963 1746 1117 1814 praepura
1148 1725 1208 1794 tibi
1229 1725 1415 1816 justitiam,

293 1841 448 1929 paeonium
466 1861 531 1908 nort
544 1845 591 1909 esl
611 1839 756 1909 irrueuire
773 1840 887 1931 epulus
906 1840 997 1931 opud
1016 1841 1150 1926 inseres.
1176 1842 1293 1910 llorum
1322 1837 1420 1931 igitur

295 1966 327 2024 et
350 1953 484 2025 aliorum
504 1951 720 2024 incitamentis
734 1956 935 2024 oraculorum
951 1950 1141 2038 instructus,
1159 1976 1219 2044 ego
1235 1952 1418 2039 lleiurieus,

295 2065 393 2158 gratia
410 2066 466 2138 llei
483 2070 675 2138 Francorum
696 2090 761 2148 rer,
784 2079 895 2136 notum
916 2065 983 2138 lieri
1007 2069 1077 2137 uolo
1097 2065 1249 2137 omnibus
1271 2069 1419 2166 fidelibus

297 2179 417 2252 nostris
437 2193 500 2251 tam
517 2178 730 2272 praesentibus
748 2203 844 2270 quam
861 2179 958 2252 eliam
978 2179 1094 2252 lutu'ris
1112 2180 1185 2270 quia
1206 2204 1320 2253 omnes
1339 2181 1420 2253 redi·

296 2294 435 2367 bitiones
467 2307 499 2366 et
524 2293 788 2378 consuetudines,
820 2297 926 2386 justas
957 2310 990 2368 et
1024 2294 1172 2387 injustas,
1211 2320 1284 2388 qum
1323 2295 1418 2369 miclri

296 2414 444 2502 meisque
470 2409 625 2482 militibus
655 2413 892 2502 competebant,
925 2410 978 2502 qui
1007 2434 1063 2482 eas
1094 2433 1131 2482 er
1172 2424 1280 2483 nostra
1321 2435 1419 2483 manu

297 2541 406 2599 tenore
427 2525 628 2608 uidebantur,
653 2525 684 2594 in
705 2524 861 2597 benebcio
881 2526 921 2596 de
951 2539 1032 2596 terra
1063 2530 1189 2596 Sanctae
1217 2525 1420 2617 crucisque

296 2643 356 2713 sita
376 2655 425 2713 est
442 2640 473 2711 iu
494 2663 576 2731 pago
592 2637 786 2729 stampensi,
804 2639 874 2709 villa
893 2638 1017 2710 seilicet
1031 2664 1102 2730 qrrru
1119 2641 1271 2710 Fontanis
1290 2654 1422 2712 uocatur

296 2779 369 2827 cum
390 2755 541 2825 omnibus
559 2751 757 2844 appendiciis
777 2751 845 2822 suis
865 2764 897 2823 et
916 2756 954 2822 ad
976 2775 1045 2823 eam
1069 2751 1357 2846 prospicientibus,
1378 2758 1420 2825 ob

296 2867 473 2938 remedium
493 2867 607 2937 animan
628 2889 707 2938 meru
728 2878 810 2936 totas
829 2867 869 2935 ad
890 2865 1048 2956 integrum
1073 2864 1179 2938 eidem
1210 2868 1281 2938 loco
1312 2866 1421 2938 dimit·

298 2981 408 3066 timus,
434 2993 466 3052 et
496 2979 648 3051 dimissas
675 2977 902 3071 perpetualiter
932 2982 1096 3052 habendas
1123 2964 1348 3065 concedimus,
1380 3003 1420 3054 eo

298 3095 455 3186 siquidem
477 3109 587 3167 tenore
614 3109 648 3165 ut
667 3097 775 3166 nullus
792 3117 846 3166 cas
867 3093 1035 3187 deinceps,
1053 3095 1120 3166 sive
1142 3097 1331 3188 episcopus,
1362 3120 1419 3168 seu

299 3214 451 3297 cleranos,
482 3225 536 3282 aut
556 3209 745 3302 praepositus
771 3209 921 3281 irrvadcrc
941 3209 1001 3280 sibi
1030 3226 1213 3302 praesumat.
1234 3213 1272 3282 Et
1292 3223 1325 3281 ut
1349 3213 1421 3283 lucc

301 3341 418 3398 nostras
456 3324 696 3398 constitutionis
724 3324 898 3396 auctoritas
930 3324 1105 3416 pleniorem
1139 3324 1170 3394 in
1198 3325 1256 3397 Dei
1288 3327 1420 3397 uomiue

300 3440 441 3512 obtineat
462 3463 518 3531 per
530 3437 786 3529 supervenientia
805 3453 948 3529 tempora
963 3437 1115 3530 uigorem,
1131 3437 1226 3531 sigilli
1242 3439 1342 3510 nostri
1363 3439 1422 3510 im-

301 3554 468 3646 pressione
487 3554 630 3624 aduotari
648 3551 818 3643 jussimus.

346 3674 379 3737 S.
416 3665 552 3738 lleinrici
588 3664 684 3756 regis.
725 3671 759 3736 S.
795 3668 914 3734 llruulll
946 3665 1142 3734 Turonensis
1174 3665 1420 3757 archiepiscopi.

301 3785 335 3850 S.
346 3779 483 3849 Gerrasii
500 3777 775 3849 cenomannensis
790 3776 947 3868 episcopi.
962 3780 994 3846 S.
1015 3775 1156 3866 llugonis
1174 3776 1301 3848 abbatis
1315 3778 1423 3850 Sancti

302 3889 465 3963 llenerlieti
480 3888 701 3962 b'loriaccnsis.
719 3896 752 3959 S.
776 3888 919 3960 bandrici
937 3889 1058 3959 militis.
1077 3893 1110 3960 S.
1134 3889 1285 3962 burcardi
1298 3890 1423 3962 militis.

302 4012 337 4075 S.
354 4003 480 4076 berardi
501 4003 624 4076 militis.
644 4008 677 4074 S.
696 4005 814 4076 llberti
829 4001 951 4074 militis.
969 4008 1002 4074 S.
1023 4003 1165 4095 llugonis
1187 4004 1310 4089 militis,
1331 4007 1425 4097 cujus

302 4119 494 4192 beuelleium
508 4132 602 4190 autea
622 4116 692 4188 luit.

349 4239 462 4304 llatum
477 4231 655 4303 Aurelianis
672 4230 811 4322 publice,
824 4235 937 4321 quinto
952 4255 1054 4302 nonas
1070 4230 1157 4317 maii,
1172 4255 1257 4304 anuo
1272 4235 1312 4303 ab
1325 4231 1426 4305 incar·

304 4345 434 4417 natione
448 4343 575 4415 llomini
595 4346 741 4429 llllbllll,
760 4343 845 4435 regis
866 4343 992 4417 llenrici
1012 4348 1091 4416 Xlll.

351 4458 524 4532 llalduiuus
542 4458 754 4532 cancellarius
772 4457 975 4553 subscripsit.
