3420 5490
765 667 943 731 -384-

291 790 468 863 amicabilis
504 793 716 884 composicio,
749 795 821 863 talis
854 792 1013 871 videlicet,
1044 795 1130 884 quotl
1161 793 1267 865 dietus
1298 798 1415 865 l’etrns

291 900 393 974 dictas
424 903 674 976 commandicias
703 904 833 995 penitus
865 917 897 974 et
933 902 1169 996 imperpetuum
1201 903 1351 995 quittavit
1380 918 1415 977 et

291 1014 395 1087 dictos
420 1016 569 1088 lromines
594 1031 626 1088 et
656 1016 759 1089 tlictas
788 1016 924 1088 leminus
953 1039 1129 1109 eorumque
1155 1040 1366 1089 successores
1384 1031 1418 1089 et

291 1129 427 1200 leretes
448 1128 577 1221 penitus
594 1144 626 1200 el
654 1128 890 1222 imperpetuum
922 1128 1058 1200 absoluit
1089 1154 1107 1201 a
1137 1130 1233 1202 dictis
1251 1152 1419 1203 comman-

290 1239 399 1324 tliciis,
421 1241 611 1332 promittens
632 1263 688 1331 per
703 1244 799 1312 litlern
818 1264 909 1311 suam
925 1255 1036 1311 contra
1057 1240 1200 1332 predicta
1225 1265 1283 1332 per
1307 1265 1345 1314 se
1368 1247 1418 1315 vel

290 1373 359 1451 per.
372 1352 469 1421 alium
488 1354 529 1422 de
546 1366 655 1422 cetero
674 1374 739 1422 non
760 1367 928 1423 venturum
947 1366 980 1423 et
1001 1354 1041 1423 tle
1061 1354 1203 1443 predicta
1218 1354 1417 1442 quittscione

290 1486 326 1534 se
346 1466 503 1534 lecturum
526 1462 700 1555 legitimam
720 1467 897 1555 parentiam
918 1478 1030 1534 contra
1056 1486 1182 1536 omnes.
1205 1468 1292 1536 llanc
1307 1480 1416 1537 autem

289 1576 522 1668 quittacionem
542 1576 640 1647 voluit
659 1590 692 1647 et
708 1576 872 1648 concessit
885 1578 1041 1660 letenna,
1061 1599 1138 1647 usor
1152 1576 1228 1648 dieti
1251 1577 1348 1662 l’etri,
1360 1601 1418 1670 per

291 1692 386 1761 tillem
417 1712 510 1760 suam
546 1692 737 1780 promittens
765 1713 801 1761 se
834 1704 945 1760 contra
976 1690 1120 1781 predicta
1150 1712 1214 1761 non
1246 1707 1418 1762 venturum

290 1800 419 1873 racione
433 1800 519 1872 (lotis
539 1805 588 1873 uel
609 1802 749 1874 dotalicii
770 1826 828 1874 seu
845 1802 987 1894 qualiliet
1005 1804 1067 1873 alia
1086 1802 1222 1889 ratione,
1242 1818 1337 1895 prout
1355 1806 1418 1877 ltec

289 1915 397 1987 omnia
417 1915 492 1988 uicti
514 1919 627 1987 Petrus
648 1929 680 1988 et
699 1919 769 2008 ejus
787 1939 865 1988 uror
884 1940 940 2009 per
955 1919 1051 1988 lltlem
1072 1939 1164 1989 suam
1184 1916 1326 1989 conlessi
1341 1931 1420 1989 sunl

289 2053 397 2101 coram
419 2029 524 2100 nolis.
555 2034 588 2100 ln
609 2032 701 2120 cujus
727 2032 774 2102 rei
801 2029 989 2101 memoriam
1008 2033 1047 2101 atl
1068 2029 1325 2122 requisicionem
1347 2054 1420 2123 par·

289 2145 374 2217 oium
396 2158 565 2234 presentes
585 2142 707 2215 litteras
727 2141 862 2215 lecimus
881 2143 976 2234 sigilli
1001 2141 1103 2214 nostri
1125 2142 1304 2215 munimine
1323 2146 1420 2215 rollo-

288 2256 363 2328 rari.
389 2260 504 2327 Datum
526 2278 611 2327 anno
631 2254 759 2327 Domini
780 2259 857 2326 ttcc
875 2255 1160 2347 quinquagesimo,
1186 2278 1299 2327 mense
1317 2256 1416 2327 maio.

754 2624 953 2684 cclxxxtx

711 2896 894 2959 Novembre
915 2894 995 2959 1250

289 3150 416 3220 Bornaps
430 3166 480 3221 par
493 3148 613 3205 arbitros
628 3149 663 3203 tle
678 3149 705 3204 la
719 3148 795 3205 dtme
805 3148 843 3204 du
853 3149 979 3221 chapitre
993 3148 1062 3204 dans
1072 3166 1128 3205 une
1140 3150 1219 3222 picco
1232 3149 1269 3206 tle
1282 3151 1419 3209 {simeron

679 3245 734 3300 clito
747 3246 852 3300 Derers
868 3244 1026 3300 Villernars.

522 3389 611 3459 tOrip.
627 3408 651 3443 s.
672 3390 769 3460 perch.
785 3388 872 3445 Arclr.
888 3387 926 3444 du
939 3390 1043 3457 Lolrst,
1057 3389 1091 3444 G.
1108 3388 1186 3460 373.)

333 3604 494 3675 llniversis
530 3618 696 3696 presentes
733 3606 855 3675 litteras
882 3603 1077 3697 inspecturis
1107 3608 1205 3676 lrater
1236 3608 1417 3695 lohannes,

289 3717 419 3788 humilis
436 3720 535 3787 abbas
555 3721 651 3788 lleate
671 3717 763 3787 llario
790 3721 829 3788 tle
854 3722 1006 3807 losaplrat
1020 3715 1240 3803 carnotensis,
1261 3733 1417 3812 totusque

288 3834 432 3921 ejusdem
453 3831 514 3901 loci
534 3845 712 3901 conventus
727 3834 863 3902 salutent
881 3830 912 3899 in
933 3831 1084 3902 Domino.
1101 3835 1251 3904 Noverint
1271 3832 1414 3907 universi

288 3947 373 4034 quotl
398 3968 472 4015 cum
501 3958 586 4017 esset
616 3947 783 4016 contentio
803 3946 887 4014 inter
907 3967 966 4016 nos
986 3960 1016 4016 et
1038 3944 1175 4037 priorem
1203 3961 1350 4018 nostruin
1376 3950 1418 4020 tls

288 4062 457 4149 Lymoron,
479 4081 515 4129 ex
534 4081 595 4128 una
619 4072 719 4150 parte,
742 4072 774 4127 et
794 4056 993 4129 reiterabiles
1010 4056 1094 4129 viros
1112 4063 1270 4131 tlecauum
1284 4074 1318 4132 et
1331 4060 1419 4153 capi·

289 4173 390 4241 tulum
411 4171 673 4253 ltrrelianenses‚
694 4194 730 4242 es
749 4174 860 4252 altera,
883 4194 980 4261 super
999 4170 1122 4243 decima
1142 4174 1311 4263 cujustlam
1330 4174 1417 4265 petis

289 4288 414 4355 culture
444 4292 483 4355 tle
517 4291 687 4376 lytroten,
715 4307 778 4374 que
809 4286 933 4353 cultura
963 4283 1080 4355 dicitur
1107 4288 1231 4357 cultura
1263 4288 1419 4361 elevemus

289 4396 468 4481 Villemarc,
501 4414 533 4468 et
564 4401 604 4467 tle
635 4397 718 4467 dicta
748 4395 961 4468 contencione
991 4396 1260 4489 compromissum
1283 4416 1418 4473 esseta

288 4513 432 4602 partibus
450 4512 481 4581 in
497 4513 697 4583 venerabiles
719 4514 804 4582 viros
825 4511 1014 4601 magistrum
1030 4515 1192 4584 tlalterum
1211 4516 1253 4585 tle
1272 4518 1416 4589 Feuclte·

288 4624 391 4708 roliis,
429 4624 691 4695 lurelianetrsem
735 4623 944 4708 canonicum,
986 4640 1018 4695 et
1061 4629 1233 4709 llerueum,
1276 4630 1416 4719 priorem
