3420 5490
764 735 802 746 -
824 700 944 765 sut-

290 845 368 893 num
389 824 472 894 lentii
494 823 578 895 dicte
602 838 698 908 terre,
719 826 839 896 dictam
859 824 1075 898 venditionem
1100 830 1281 913 noluerent,
1307 828 1419 901 lautis·

289 949 401 1007 verunt
422 949 453 1008 et
473 951 718 1022 concesserunt,
748 952 780 1010 et
802 940 925 1010 dictum
945 941 1075 1012 ieodum
1096 955 1250 1033 quantum
1275 942 1417 1034 pertinet

289 1052 328 1120 ad
350 1049 468 1121 dictam
489 1053 645 1122 decimam
674 1051 990 1124 admortiireaverunt
1017 1066 1050 1125 et
1068 1058 1217 1127 eamdem
1237 1057 1415 1128 admortiir·

289 1163 449 1234 ostionem
481 1164 696 1255 promiserunt
715 1189 772 1257 per
798 1169 893 1237 fidem
915 1189 1006 1238 suam
1027 1190 1125 1258 super
1154 1171 1216 1240 hoc
1233 1167 1417 1261 specialiter

288 1274 320 1345 in
341 1299 437 1347 manu
459 1290 566 1347 nostra
586 1280 751 1368 prestitam
765 1302 801 1350 se
813 1277 844 1349 in
864 1292 1052 1372 perpetuum
1071 1284 1297 1353 observaturos
1313 1295 1346 1353 et
1359 1305 1415 1374 gs·

289 1388 474 1460 rantituros.
507 1394 541 1460 lu
559 1393 651 1481 cujus
671 1391 715 1462 rei
738 1391 928 1464 memoriam
953 1405 986 1464 et
1007 1392 1226 1465 testimonium
1248 1406 1416 1486 presentes

288 1501 412 1572 litteras
431 1503 471 1571 ad
500 1501 745 1592 requisitionem
767 1508 903 1595 partium
930 1504 1038 1595 sigilio
1067 1505 1307 1579 Aurelianensis
1326 1505 1416 1579 curie

291 1614 424 1686 lecimus
445 1616 590 1707 sigillari.
614 1620 726 1688 [iatum
743 1642 828 1690 anno
843 1617 970 1690 Domini
992 1618 1166 1692 millesimo
1191 1621 1416 1694 ducentesimo

291 1729 538 1823 quadragesimo
560 1729 671 1816 tercio,
688 1724 800 1805 mense
820 1732 946 1805 martio.

785 2083 923 2145 CCLXXI

774 2357 848 2419 luin
869 2356 947 2420 trit

446 2610 563 2664 Etienne
579 2609 712 2665 [louviers
727 2625 757 2664 se
778 2610 920 2664 reconnsli
934 2608 995 2665 seri
1007 2608 1043 2665 de
1054 2607 1252 2664 Scinio-crois.

546 2753 636 2822 (Orig.
662 2769 686 2806 s.
702 2753 799 2823 parco.
816 2751 902 2807 Arch.
921 2751 959 2807 du
974 2751 1079 2821 loisel,
1101 2752 1159 2819 G.).

337 2989 515 3083 Philippus,
546 2988 650 3060 divina
669 2988 883 3082 permissione
903 2986 1112 3061 ilituricensis
1137 2986 1415 3082 archiepiscopus,

292 3105 459 3198 aquitanie
473 3104 603 3197 primas,
620 3108 771 3176 ovnniims
787 3117 955 3196 presentes
975 3103 1097 3176 litteras
1110 3107 1312 3197 inspecturis
1329 3105 1415 3176 salu·

293 3236 357 3293 tem
377 3220 407 3291 in
435 3219 583 3292 llomino.
604 3220 759 3291 Noveritis
779 3223 863 3312 quiocl
883 3219 1079 3292 constitutus
1100 3224 1133 3290 in
1153 3219 1315 3313 presentia
1338 3242 1415 3291 nos-

294 3350 341 3406 tra
368 3339 550 3426 Stephanus
569 3334 674 3406 dictus
696 3338 839 3406 liouers'
863 3333 1048 3425 recognovit
1068 3357 1175 3405 coram
1206 3335 1302 3405 nobis
1328 3335 1414 3424 quoti

292 3451 362 3542 ipse
381 3463 447 3520 erat
464 3452 560 3519 homo
579 3450 619 3520 de
639 3472 772 3540 corpore
787 3449 925 3521 ecclesie
942 3453 1058 3520 Sancte
1073 3448 1185 3521 Crucis
1206 3446 1415 3519 liurelianen·

293 3567 339 3635 sis
360 3579 392 3636 et
410 3566 494 3654 quod
516 3563 601 3634 aliud
622 3563 801 3634 dominium
820 3587 883 3634 non
902 3566 1112 3635 advocaverat
1126 3586 1187 3634 nec
1206 3561 1294 3634 aliud
1314 3565 1409 3635 advo·

295 3682 400 3749 oabat.
433 3681 532 3769 liujus
553 3681 598 3748 rei
629 3692 705 3748 sunt
728 3691 828 3749 testes
848 3677 1000 3770 magister
1020 3681 1173 3749 iiadulius
1208 3680 1248 3749 de
1268 3681 1420 3748 Careoto·

293 3791 360 3875 nio‚
381 3791 557 3889 canonicus
586 3791 809 3875 lisuncensis,
843 3790 996 3882 magister
1028 3794 1212 3876 iussimus,
1242 3788 1419 3863 canonieus

293 3910 401 3976 Sancti
432 3905 536 3977 Ursini
565 3905 788 3986 Bituricensis,
820 3904 888 3975 Giio
915 3905 955 3976 tle
977 3909 1133 3997 [lugereto
1157 3918 1190 3976 et
1223 3909 1258 3976 P.
1291 3907 1331 3976 de
1350 3908 1418 3976 Au·

294 4024 418 4102 treolae,
442 4019 573 4101 milites,
588 4021 772 4090 lilondellus
783 4032 815 4091 et
828 4018 1020 4090 Guillermus
1037 4017 1069 4089 Li
1088 4020 1260 4104 Cedurers,
1276 4018 1418 4089 servien-

295 4144 345 4205 lcs
361 4132 473 4204 nostri.
497 4138 531 4205 ln
562 4136 655 4223 eujus
679 4137 725 4203 rei
749 4131 936 4204 memoriam
956 4146 989 4203 et
1008 4131 1231 4205 testimonium
1248 4142 1417 4223 presentes

295 4248 417 4318 litteras
442 4246 534 4336 sigilli
569 4246 667 4316 nostri
699 4246 876 4317 munimine
896 4245 1044 4316 clusimus
1069 4247 1278 4316 roborandas.
1300 4247 1418 4316 Datum

294 4383 378 4431 anno
400 4359 525 4431 Domini
544 4363 671 4430 llCCllL
691 4373 815 4449 quarto,
838 4381 950 4431 mense
960 4361 1065 4449 junio.

331 4725 337 4759 ¹
359 4724 405 4780 Au
420 4724 471 4778 tior
487 4739 494 4780 :
509 4724 652 4780 [louviers.
