3420 5490
896 1078 945 1137 ux

597 1318 719 1400 [illei
738 1318 843 1382 1155¹.
861 1320 1116 1383 Probablemenl
1130 1320 1243 1402 115οἺ

357 1572 448 1630 Reoul
463 1571 631 1629 d'lssoudun
646 1538 768 1628 renense
781 1572 797 1627 l
811 1588 856 1628 ses
874 1570 962 1628 droils
985 1588 1035 1628 sur
1059 1571 1187 1629 Poisieux
1210 1588 1245 1629 en
1267 1573 1393 1646 &hange
1416 1574 1484 1633 d’un

393 1685 460 1726 oens
476 1668 511 1725 de
526 1670 562 1725 w
575 1684 642 1725 sous
657 1685 714 1740 que
729 1669 767 1724 lui
782 1668 876 1742 peiere
893 1669 919 1724 le
940 1669 1066 1743 chapilre
1088 1676 1116 1724 el
1138 1668 1257 1726 eeeorde
1278 1670 1294 1725 l
1316 1687 1348 1726 ee
1372 1671 1486 1729 dernier

392 1765 594 1822 l’eulorisalion
616 1765 651 1821 de
671 1764 825 1822 irensidrer
849 1769 876 1822 el
897 1764 1087 1822 reconstruire
1109 1765 1135 1822 le
1155 1765 1248 1838 boerg
1267 1766 1350 1824 ruini
1373 1783 1425 1841 par
1443 1767 1485 1825 les

392 1877 519 1932 suerrus.

358 2007 455 2081 (Cupie
469 2008 503 2065 de
516 2009 628 2079 Baiuse,
643 2024 671 2081 p.
688 2008 733 2064 m.
752 2038 783 2049 -
799 2008 861 2065 um.
877 2009 942 2066 Nat.
957 2007 1031 2069 Coll.
1046 1991 1207 2081 lioreeu,'l.
1223 2009 1278 2067 ul:
1294 2010 1357 2083 l8l,
1374 2010 1486 2085 d'uprds

731 2104 758 2160 le
772 2103 932 2176 cartulaire,
947 2102 972 2161 l⁰
986 2104 1039 2160 alr
1054 2109 1106 2174 ν’).

403 2349 596 2417 Sanelorum
626 2359 750 2438 paurum
774 2343 1019 2416 aueioriiaiious
1044 2366 1280 2431 ammonemur,
1313 2348 1360 2418 uli
1379 2350 1482 2419 lleum

359 2481 416 2551 pre
434 2457 586 2530 omuibus
604 2460 790 2550 diligamus,
810 2471 906 2549 atque
924 2460 994 2549 ejus
1013 2459 1127 2529 fideles
1152 2459 1186 2528 in
1214 2460 1276 2531 hae
1299 2458 1482 2532 transitorie

360 2571 422 2641 viia
440 2592 549 2642 amore
563 2571 669 2662 ipsius
688 2574 898 2654 honoremus,
927 2582 960 2641 el
979 2573 1018 2641 de
1051 2572 1148 2641 rebus
1167 2581 1200 2641 el
1220 2571 1482 2662 possessionibus

363 2682 482 2756 noslris
512 2683 635 2756 eisdem
664 2682 825 2754 caritative
857 2681 1038 2774 largiamur.
1068 2680 1151 2754 uicit
1182 2681 1267 2755 euim
1292 2686 1480 2771 auotoritas,

360 2800 445 2890 quoil
473 2801 608 2868 mulium
629 2801 711 2868 valet
742 2796 924 2890 deprecatio
948 2799 1029 2888 justi
1062 2794 1204 2880 assidua,
1223 2810 1255 2869 el
1273 2797 1347 2868 alilri
1364 2822 1372 2868 :
1390 2799 1482 2871 Sicut

360 2935 441 3004 aqua
457 2911 611 3004 extinguit
628 2910 750 3003 ignem,
771 2911 813 2983 ila
829 2910 1027 2983 helemosina
1047 2910 1391 3004 extinguilpeeualum.
1408 2914 1483 2985 ldeo

360 3048 421 3118 ego
438 3029 590 3097 liedulfus
605 3024 825 3097 lsolduoeosis
853 3037 963 3095 nolum
997 3024 1063 3096 lieri
1079 3028 1150 3096 volo
1173 3040 1236 3097 iam
1256 3024 1372 3097 luiuris
1386 3048 1483 3117 quam

361 3139 557 3212 iuslamilms
569 3141 642 3231 quia
659 3143 899 3232 postulauerunt
915 3162 966 3211 me
985 3140 1124 3210 domnus
1144 3144 1319 3225 Monaeses,
1340 3137 1484 3211 Aurelia-

360 3253 472 3324 nensis
492 3253 630 3324 ecelesie
650 3251 841 3325 venerabilis
860 3254 1045 3343 episeopus,
1061 3256 1200 3324 domnus
1214 3275 1343 3344 quoque
1363 3258 1482 3344 Simon

360 3368 515 3450 decanus,
540 3379 689 3454 solusque
709 3368 853 3457 ejusdem
873 3363 1012 3435 ecclesie
1031 3379 1222 3450 coronemus,
1245 3365 1290 3435 uli
1321 3365 1483 3455 quandam

360 3478 467 3550 uillam
487 3502 549 3570 que
568 3478 687 3549 dieitur
707 3481 872 3563 l'uleolus,
897 3502 968 3569 quie
984 3476 1044 3548 sila
1059 3492 1110 3549 est
1130 3476 1161 3547 in
1190 3476 1375 3549 castellania
1395 3481 1485 3548 lsou·

360 3593 511 3681 dunensi,
533 3607 628 3685 alque
647 3617 832 3685 guerrarum
854 3616 997 3664 mearum
1019 3590 1246 3664 occasionibus
1261 3605 1293 3663 el
1313 3593 1485 3684 predeces-

360 3731 469 3780 sorum
501 3732 647 3779 meorum
678 3713 718 3780 ail
747 3707 916 3780 maximam
950 3708 1130 3780 vastitatem
1161 3711 1289 3782 redacta
1328 3721 1406 3793 erat,
1441 3710 1483 3778 alr

359 3821 510 3895 omuibus
538 3823 828 3895 consuetudinibus
853 3847 932 3915 quas
963 3845 1023 3915 ego
1047 3827 1096 3894 vel
1112 3836 1337 3896 antecessores
1356 3820 1418 3892 mei
1438 3819 1482 3893 ibi

355 3941 442 4031 juste
478 3954 531 4010 aul
563 3937 681 4030 iujrisle
710 3943 936 4023 lialiueramus,
970 3941 1011 4010 ob
1037 3936 1216 4010 remedium
1236 3935 1342 4009 anime
1361 3958 1433 4009 mee
1449 3950 1483 4008 el

358 4071 526 4146 parentum
561 4077 705 4126 meorum
732 4056 908 4126 iinmuuem
943 4066 976 4125 el
1007 4057 1186 4125 absolutum
1215 4056 1336 4145 absque
1377 4051 1482 4145 aliqua

357 4167 584 4241 reclamatione
599 4172 781 4255 redderem,
801 4183 833 4242 et
854 4191 911 4262 pro
930 4170 1083 4239 omuibus
1109 4165 1399 4239 consuetudinibus
1416 4163 1482 4237 illis

391 4525 400 4559 ¹
421 4524 536 4579 Limites
550 4523 587 4578 du
603 4524 720 4578 dicanul
735 4524 769 4578 de
782 4523 888 4579 Simon.

389 4611 401 4647 ²
419 4616 491 4667 C'est
507 4612 533 4667 la
545 4612 608 4668 dele
622 4611 731 4668 donnee
746 4627 797 4684 par
811 4612 837 4668 lu
850 4611 929 4685 copie
942 4611 978 4666 de
992 4611 1176 4668 lueolleelion
1192 4611 1317 4682 liorem,
1332 4609 1442 4684 u’iprls
1454 4610 1482 4668 le

354 4702 511 4758 cartulaire
