3420 5490
675 603 714 616 ..
736 568 776 634 05
795 603 836 617 ..

190 695 293 768 nocti
312 695 433 767 {sotini
450 695 632 780 (locrensis,
654 695 731 767 item
751 695 855 768 saneti
883 695 1005 766 flartini
1033 706 1128 786 qum·
1147 707 1199 767 est
1218 718 1318 788 props

191 831 317 879 mnrom
344 807 446 900 ipsius
487 807 642 890 civitatis,
672 811 775 878 saneti
814 807 985 888 Laurentii,
1021 807 1124 877 uncti
1160 807 1314 891 Gerrasii,

193 925 325 993 t‘uteum
350 921 452 991 sancti
473 919 684 1010 sigismundi.
716 919 819 991 sancti
851 919 1024 1002 vincentii,
1059 918 1162 991 sancti
1200 920 1317 1010 Sergii,

192 1035 294 1106 sancti
317 1035 398 1106 Petri
421 1035 573 1118 rimrnm,
594 1033 695 1106 sancti
714 1034 796 1107 Petri
818 1038 1010 1127 puellarum,
1031 1039 1172 1105 Buccum
1189 1058 1318 1107 monas·

193 1149 320 1233 terium,
340 1152 464 1220 ttcttom
480 1172 643 1240 campum,
665 1153 820 1231 tremas,
847 1149 1044 1240 Mesogiten,
1074 1147 1317 1221 Prisciniacum.

193 1268 272 1333 Sunt
293 1262 390 1334 etiam
411 1266 460 1334 hm
476 1262 558 1333 vittas
580 1288 587 1333 :
610 1262 823 1343 Sisinniaens‚
855 1264 1060 1345 Poemenius,
1096 1265 1228 1343 liunus,
1257 1267 1318 1335 Ιι-

192 1378 314 1458 cianus,
345 1380 515 1463 ltociaens,
539 1384 725 1463 Cennonns,
755 1382 969 1459 Casteitauus.
996 1381 1094 1449 Vetus
1119 1376 1318 1460 mansiones,

194 1492 399 1578 timiniani«,
421 1498 612 1574 Nemausus,
634 1493 806 1573 (luciosus,
822 1517 919 1585 qoam
939 1491 1068 1584 genitor
1087 1508 1197 1564 noster
1212 1495 1319 1564 ciuem

193 1608 329 1678 restitutit
349 1607 497 1678 ecclesiae
516 1611 555 1676 an
571 1610 706 1677 oannem
727 1612 920 1676 Nemausum
941 1608 1169 1696 pertinentem,
1192 1630 1319 1678 necnon

191 1735 225 1791 et
255 1724 453 1802 Cambonum,
473 1744 569 1812 quarn
590 1722 719 1790 donnus
739 1732 865 1791 attavus
885 1733 995 1791 noster
1023 1723 1116 1790 bone
1155 1720 1320 1791 memoriae

194 1839 327 1905 Karotus
348 1833 498 1905 reddidit.
517 1838 704 1904 Nemoratas
725 1832 929 1922 igiturceitas
948 1847 980 1902 et
1002 1832 1103 1916 sitias,
1127 1856 1202 1903 eum
1222 1835 1320 1903 rebus

192 1962 227 2020 et
247 1946 417 2039 mancipiis
430 1950 469 2018 ιιΙ
494 1971 530 2017 se
551 1946 798 2038 pertinentibus,
817 1968 897 2036 quas
918 1948 1014 2017 modo
1034 1948 1106 2035 jure
1124 1959 1158 2016 et
1178 1945 1321 2036 legaliter

194 2076 367 2132 memorata
394 2073 482 2131 tenet
514 2061 665 2139 eeclesia,
705 2082 761 2148 per
795 2061 878 2128 hane
917 2072 1062 2128 nostram
1096 2058 1319 2130 auctoritatem

193 2177 298 2246 eidem
319 2171 581 2244 confirmavimus
600 2171 762 2243 ecclesiae.
780 2170 1007 2261 Praecipientes
1026 2194 1103 2260 ergo
1117 2174 1270 2261 jobemus
1286 2186 1320 2242 nt

195 2289 303 2356 nntius
332 2310 369 2357 cx
401 2284 548 2356 tudetihos
576 2283 708 2370 nostris,
740 2298 794 2355 ant
824 2286 920 2376 judex
947 2284 1106 2376 prrtnicns,
1141 2285 1319 2356 autetiam

193 2401 344 2493 numlibet
363 2401 481 2472 enoiosa
511 2403 558 2469 ret
588 2403 759 2490 subrogata
786 2423 936 2492 persona,
958 2402 1098 2491 :tiquam
1128 2399 1320 2491 inquietudi-

193 2539 266 2585 nem
282 2530 336 2585 ant
361 2514 512 2607 injustam
532 2513 790 2586 contrarietatem
811 2517 852 2586 rte
872 2514 1034 2607 parmdictis
1054 2514 1146 2586 celtis
1170 2530 1202 2586 et
1222 2518 1320 2587 rebus

192 2646 223 2703 et
239 2629 420 2721 mancipiis,
441 2652 567 2701 necnon
588 2642 620 2700 et
645 2632 685 2701 tte
711 2632 760 2700 tris
780 2653 853 2721 puae
872 2628 976 2701 sires
1002 2630 1095 2700 nobis
1115 2628 1183 2700 sire
1202 2653 1219 2700 ι
1245 2653 1320 2702 suc·

194 2742 379 2815 sessoribus
408 2741 527 2814 nostris
560 2745 606 2814 vet
638 2767 655 2813 a
686 2742 818 2835 reliquis
857 2746 959 2816 iteum
994 2742 1183 2814 timentibus
1212 2743 1318 2816 eidem

192 2860 340 2931 ecetesto
360 2857 465 2928 divina
486 2857 589 2949 pietas
609 2858 763 2948 deinceps
779 2858 888 2949 angeri
916 2858 1062 2943 notuerit,
1092 2856 1211 2929 nostris
1236 2862 1321 2928 tuto·

193 2971 300 3062 risone
322 2972 521 3064 temporibus
536 2987 721 3043 memoratu
741 2971 890 3043 ecciesiae
911 2976 1015 3043 tacere
1040 2986 1239 3064 praesumat:
1261 2976 1318 3044 seu

194 3090 331 3158 suntme
356 3101 475 3159 nostra
490 3086 745 3158 confirmationis
769 3102 800 3158 et
826 3086 970 3156 tuitionis
993 3101 1154 3178 praecepto
1179 3101 1212 3158 et
1234 3090 1319 3178 ejus·

195 3206 266 3274 item
286 3201 441 3294 episcopii
467 3201 555 3272 omui
576 3217 720 3294 ternpore
740 3202 771 3271 in
797 3216 903 3272 nostra
935 3202 1132 3273 helemosina
1149 3205 1222 3292 iure
1246 3226 1320 3292 pos·

194 3317 291 3387 sineri
323 3330 354 3386 et
375 3315 519 3405 legaliter
536 3319 645 3385 tueri³
665 3319 821 3395 nateaut;
851 3315 891 3384 ita
927 3314 1072 3385 nirtcticet
1098 3331 1131 3385 nt
1168 3315 1320 3406 quicquid

195 3444 338 3500 rectores
353 3444 385 3499 et
405 3427 543 3498 ministri
563 3428 666 3519 ipsius
687 3429 835 3499 cortesia·¹
867 3451 924 3519 pro
955 3428 1173 3519 oportunitate
1203 3443 1235 3498 et
1260 3427 1320 3498 nti·

196 3543 283 3612 litate
304 3545 344 3612 de
369 3541 492 3613 eisdem
522 3545 619 3611 rebus
651 3546 756 3610 tacere
789 3540 959 3620 intererint.
987 3542 1088 3611 libero
1119 3541 1150 3610 iu
1170 3541 1321 3611 omnibus

196 3661 375 3746 pertriaatur
390 3654 521 3723 arbitrio
541 3656 679 3723 faciendi
695 3678 703 3734 ;
720 3653 871 3742 spirationis
892 3653 1075 3743 pontificem
1098 3653 1200 3743 ipsius
1219 3655 1320 3736 scriis,

195 3791 268 3837 cram
289 3790 385 3854 prope
403 3766 464 3835 sitii
480 3766 668 3847 commisso,
693 3791 749 3858 pro
772 3767 993 3836 incolumitate
1013 3782 1121 3836 nostra
1149 3782 1180 3836 et
1200 3767 1322 3837 stabiti-

196 3895 260 3952 tate
280 3880 370 3966 regni
392 3880 519 3950 nobisa
548 3883 614 3950 {teo
642 3879 751 3950 cottati
772 3902 894 3970 suaque
913 3879 1096 3969 gratissima
1115 3879 1323 3952 miseratione

196 4019 251 4086 per
270 3994 464 4065 immensum
480 3993 692 4066 conservandi
705 3994 825 4085 jupiter
849 3992 976 4065 Domini
997 3995 1170 4084 implorent
1200 3994 1324 4066 miseri·

197 4197 338 4206 ..no-...-

233 4311 241 4344 ¹
258 4315 296 4367 Ge
312 4328 429 4383 pronoen
452 4313 555 4367 missu
573 4311 689 4367 suminio
703 4327 809 4384 prouas
822 4328 890 4384 qne,
904 4312 970 4368 sani
983 4314 1009 4367 ta
1025 4314 1192 4384 nuntiasse
1213 4313 1328 4370 retatirs

196 4402 210 4454 s
237 4402 361 4472 t'atibaps
386 4402 421 4455 de
445 4402 525 4458 Saiot
539 4403 668 4470 nomin,
690 4403 759 4459 c'est
780 4402 806 4458 Ιιι
829 4408 888 4459 rnot
911 4403 985 4458 cetto
1009 4403 1057 4476 uui
1080 4403 1137 4459 doit
1162 4405 1221 4460 stre
1246 4420 1328 4461 eons-

196 4492 319 4546 entcudn
337 4499 418 4547 amnt
433 4499 499 4548 tons
515 4510 562 4548 ces
576 4510 668 4548 noms.

232 4580 245 4614 ⁸
265 4584 348 4640 Corr.
366 4584 465 4638 teneri.

1122 4710 1141 4768 5
