3420 5490
761 712 801 723 ..
821 677 880 739 362
902 710 940 723 ..

288 809 486 899 corporalem
500 806 586 895 qnou
607 814 719 873 contra
739 801 957 873 uenditionem
972 817 1004 873 et
1017 800 1228 893 quitationem
1248 800 1343 873 istam
1355 806 1413 877 tle·

288 933 407 1003 eetero,
421 914 561 989 dotalicii
593 914 725 985 nomine
751 936 808 985 seu
831 916 929 985 etiam
948 913 1091 1006 qualibet
1110 914 1172 986 alia
1189 919 1327 1004 ratione,
1354 939 1413 1009 per

288 1055 325 1105 se
340 1035 387 1105 uel
400 1029 498 1101 alium
519 1026 626 1100 uenire
641 1029 825 1098 nullatenus
843 1030 1093 1119 attemptabant,
1104 1027 1204 1099 immo
1219 1028 1412 1102 diotamter·

288 1169 354 1217 ram
370 1143 465 1215 dietis
489 1146 613 1213 decano
632 1154 664 1211 ot
689 1139 828 1231 capitulo
849 1162 905 1211 sou
925 1139 1023 1211 otiam
1042 1143 1083 1211 ab
1109 1140 1189 1231 ipsis
1204 1164 1337 1213 oausam
1357 1147 1413 1214 lra-

288 1252 440 1327 bentibus
463 1254 547 1324 tlieta
568 1256 630 1323 lide
649 1255 689 1322 ao
719 1273 798 1321 usus
825 1265 857 1321 et
881 1252 1134 1323 eonsuetudines
1162 1253 1412 1327 aurelianenses

289 1366 431 1460 legitime
450 1366 631 1458 garantient
647 1377 759 1434 eontra
786 1385 913 1435 omnes.
935 1368 970 1434 ln
984 1367 1076 1447 cuius
1100 1363 1145 1435 rei
1166 1366 1353 1438 memoriam
1377 1381 1412 1439 et

289 1479 510 1553 testimonium
538 1490 706 1570 presentes
733 1474 855 1546 litteras
876 1476 981 1568 sigillo
1000 1476 1241 1549 Aurelianensis
1254 1475 1345 1550 euris
1365 1481 1411 1551 le·

288 1594 393 1663 eimus
413 1588 556 1680 sigillari.
590 1594 704 1658 letum
733 1609 819 1658 auno
839 1588 967 1658 Domini
987 1587 1159 1660 millesimo
1184 1588 1410 1662 ducentesimo

289 1701 534 1796 quadragesimo
550 1700 658 1783 tertio,
672 1700 808 1791 [mense]
832 1700 1019 1790 septembri.

768 1990 936 2053 ccuxvtll

699 2232 894 2315 Septembre
909 2230 988 2295 1243

324 2455 414 2511 Vento
429 2472 466 2512 au
478 2454 604 2526 olrapitre
615 2470 687 2528 pour
699 2455 732 2511 21
751 2454 834 2511 liures
847 2454 947 2528 parisis
963 2456 998 2512 tle
1019 2461 1080 2512 tout
1093 2472 1126 2513 oo
1139 2472 1196 2529 quo
1211 2456 1373 2529 possedeat,

352 2553 369 2607 l
383 2552 495 2620 llunau,
505 2552 595 2607 Raoul
610 2551 648 2607 Le
662 2552 775 2619 breton,
790 2551 919 2607 'l'lribaurl
936 2552 1062 2608 llaumer
1075 2556 1104 2608 et
1116 2552 1236 2609 bitionne
1249 2552 1348 2610 Μαι-01.

529 2665 617 2735 (Orig.
634 2682 655 2720 s.
666 2665 762 2737 pareb.
774 2664 858 2720 Areb.
873 2665 912 2720 du
925 2665 1028 2734 boiret,
1045 2662 1079 2720 G.
1100 2664 1179 2737 Bw).

335 2831 493 2903 Omnibus
524 2843 693 2922 presentes
723 2830 843 2901 litteras
866 2828 1073 2922 inspecturis,
1094 2830 1242 2902 olbeialis
1267 2830 1409 2904 Aurelia-

291 2949 403 3018 nensis
421 2949 557 3017 salutem
576 2944 608 3015 in
624 2943 773 3017 llomiuo.
804 2942 953 3015 Nouerint
978 2944 1116 3016 uniuersi
1135 2947 1221 3036 quotl
1241 2945 1412 3018 constituti

291 3083 397 3131 eoram
431 3059 525 3131 uobis
549 3061 734 3150 badulphus
765 3056 863 3142 brito,
896 3059 980 3129 lulis
1006 3059 1077 3149 ojus
1097 3081 1188 3145 uror,
1207 3061 1412 3133 'lbeubalrlus

290 3177 440 3258 baumer,
455 3171 583 3243 leelina
598 3173 668 3262 ejus
685 3193 772 3253 uror,
791 3174 973 3262 Stephanus
988 3168 1119 3255 llorelli,
1132 3174 1224 3243 lates
1235 3174 1307 3263 ejus
1320 3194 1411 3257 uror,

290 3283 441 3376 quiequid
461 3285 620 3353 babebant
634 3284 681 3352 uel
694 3285 812 3352 babere
832 3295 979 3372 poterant
992 3283 1075 3372 apud
1093 3280 1240 3352 Unolium
1261 3280 1413 3354 uendide-

290 3410 364 3467 runt
384 3396 512 3487 penitus
527 3408 559 3464 et
580 3396 611 3462 in
637 3409 828 3484 perpetuum
854 3392 1057 3483 quitaverunt
1085 3395 1208 3464 decano
1222 3407 1255 3464 et
1270 3393 1412 3485 capitulo

292 3502 576 3572 Aurelianensibus
605 3522 662 3591 pro
693 3498 802 3589 uiginti
836 3513 869 3570 et
888 3514 962 3570 octo
991 3499 1081 3570 libris
1106 3499 1347 3591 parisientium,
1372 3504 1414 3574 rle

291 3614 453 3705 quibusse
467 3626 638 3685 tenuerunt
656 3633 765 3682 coram
786 3613 881 3682 nobis
898 3611 1021 3703 integre
1035 3612 1242 3704 propagatis,
1259 3616 1322 3686 llrle
1335 3616 1410 3687 data

292 3726 515 3819 promittentes
530 3728 615 3818 quorl
628 3739 740 3797 eontra
754 3723 971 3796 uenditionem
990 3741 1023 3797 et
1041 3726 1253 3818 quitationem
1263 3730 1413 3801 deeetero

291 3839 431 3912 dotalicii
451 3840 650 3912 nomineseu
666 3842 762 3911 etiam
783 3839 923 3932 qualibet
936 3839 997 3911 ulia
1015 3840 1139 3913 ratione
1159 3864 1216 3935 per
1233 3864 1270 3915 so
1287 3846 1335 3915 uel
1355 3864 1413 3936 per

291 3955 389 4030 alium
408 3954 515 4028 uenire
535 3957 718 4027 mullatenus
736 3959 985 4050 attemptatum,
1002 3954 1101 4029 immo
1121 3956 1238 4029 alietaru
1258 3958 1414 4031 reurlitio-

293 4095 367 4145 nem
386 4070 482 4145 dietis
501 4074 625 4143 tleeauo
644 4087 676 4143 ot
706 4070 846 4164 cerritulo
867 4073 1149 4146 buroliauensibus
1180 4073 1264 4147 dicta
1284 4076 1347 4149 tlte
1370 4077 1410 4148 at

293 4212 370 4261 usus
386 4204 417 4260 et
435 4186 689 4259 eonsuetudines
711 4187 956 4260 Aurelianenses
969 4186 1111 4281 legitime
1131 4188 1315 4281 garaueieut
1336 4212 1416 4263 oon·

293 4318 339 4375 tra
359 4326 484 4374 omnes.
511 4307 545 4374 ln
566 4306 659 4393 eujus
676 4302 720 4372 roi
743 4302 931 4374 memoriam
952 4316 984 4374 et
1004 4303 1224 4376 testimouium
1244 4318 1415 4397 presentes

293 4420 417 4489 litteras
443 4414 549 4507 sigillo
577 4414 817 4487 Aurelianensis
850 4419 940 4487 curie
959 4418 1096 4488 lecimus
1124 4416 1270 4510 sigillari.
1298 4422 1416 4491 Datum

292 4552 378 4600 anuo
407 4528 534 4599 bomini
570 4527 742 4598 millesimo
775 4528 998 4600 ducentesimo
1034 4528 1282 4621 tpuauragesimo
1307 4532 1416 4617 tertio,

292 4662 405 4711 mense
423 4638 610 4732 septembri.
