3420 5490
801 1093 917 1156 cumn
1032 1079 1034 1083 ’
1123 1078 1126 1082 ’

828 1393 908 1457 1213

301 1647 405 1719 Paper,
419 1645 587 1719 eous-depen
603 1645 761 1717 d'Orleamg
783 1648 847 1717 lure
870 1645 1030 1702 u’ouserrer
1044 1645 1242 1702 t'ordennutaee
1255 1644 1291 1702 de
1306 1652 1428 1703 muue-

338 1742 395 1796 tton
420 1743 527 1796 rendue
547 1758 598 1811 par
612 1742 737 1812 l'euique
760 1740 952 1796 reietirement
975 1757 1028 1795 aux
1051 1741 1134 1796 biens
1153 1739 1193 1796 du
1216 1740 1425 1807 eous-deenen.

341 1835 503 1906 pendentia
519 1835 755 1907 raeanceduquel
777 1834 844 1891 ledit
866 1835 972 1907 eaeque
996 1834 1068 1890 erait
1091 1833 1187 1890 donne
1212 1850 1260 1891 ees
1284 1832 1367 1891 biens
1389 1851 1426 1892 au

339 1931 465 2004 chapitre
477 1932 497 1987 ¹.

534 2052 630 2123 (Orig.
646 2070 669 2107 s,
684 2051 779 2124 perch.
796 2053 880 2110 Areh.
897 2052 936 2108 du
950 2052 1053 2108 Luiret.
1069 2052 1103 2108 G.
1119 2050 1194 2121 441).

348 2267 505 2353 Paganus,
527 2262 764 2336 Aurelianensis
785 2267 1001 2347 subdecanus,
1024 2263 1175 2335 omnibus
1198 2264 1237 2333 ari
1253 2286 1334 2355 ‹puus
1355 2286 1426 2357 pre·

305 2390 416 2449 rentes
449 2375 552 2449 littere
586 2380 788 2471 pervenerint
817 2378 1063 2472 imperpetuum.
1092 2375 1291 2448 universitati
1321 2392 1425 2449 vestre

303 2504 416 2560 notum
437 2489 518 2561 facio
533 2494 617 2581 qued
638 2516 725 2577 enm,
739 2515 837 2583 super
855 2514 894 2562 eu
913 2494 998 2582 quaed
1032 2494 1072 2562 de
1102 2489 1322 2563 Aurelianensi
1349 2494 1425 2562 suu

303 2606 461 2675 decanatu
488 2604 627 2685 aieticis
653 2605 808 2675 memorie
841 2608 984 2695 iiugune.
1016 2607 1178 2694 ‹prrondam
1205 2602 1423 2675 Aurelianensi

305 2716 472 2808 episeopo,
501 2720 617 2786 tactum
648 2732 679 2787 et
699 2730 856 2789 statutum
880 2720 995 2799 iuerat,
1016 2715 1099 2788 inter
1134 2714 1346 2787 uenerabilem
1370 2738 1423 2809 pa·

304 2846 383 2903 trem
413 2836 603 2918 Manassem,
626 2832 885 2903 Aurelianensem
909 2829 1110 2924 episcopum,
1130 2854 1169 2903 er
1189 2854 1249 2901 una
1269 2844 1370 2923 parte,
1390 2845 1423 2903 et

304 2950 461 3018 decanum
493 2962 523 3017 et
555 2944 782 3018 Aurelianense
816 2946 1004 3038 capitutum,
1042 2968 1078 3017 es
1110 2949 1222 3029 attera,
1259 2944 1423 3017 euratentiu

302 3076 489 3146 uerteretur,
511 3063 581 3154 ipse
601 3066 742 3134 ‹tuearrns
757 3075 789 3133 et
814 3060 987 3152 capitutum
1007 3083 1105 3152 snper
1128 3059 1199 3153 ipsa
1216 3060 1424 3132 eurrtentiune

299 3178 445 3267 ejusdem
465 3175 606 3267 episeupi
637 3198 673 3245 se
693 3187 931 3266 supposuerunt
952 3172 1135 3265 peremnia
1156 3173 1322 3245 voiuntati.
1343 3178 1423 3245 curu

299 3304 406 3359 anatem
422 3289 527 3378 ipsum
548 3290 800 3357 sartrdeeanatum
821 3287 852 3355 in
867 3309 961 3355 manu
982 3310 1040 3355 sua
1056 3298 1220 3356 vacantem
1238 3301 1269 3356 et
1287 3286 1424 3357 liberum

299 3404 369 3492 ipse
388 3414 510 3471 teneret
529 3400 714 3490 episeopus,
736 3414 768 3469 et
795 3411 939 3490 tempere
962 3396 1136 3468 uacationis
1152 3400 1241 3488 juxta
1267 3401 1424 3469 benorum

299 3515 437 3583 virorum
458 3510 629 3582 eonsilium
649 3511 830 3582 ordinasset
848 3510 951 3581 taiiter
971 3513 1011 3581 tle
1028 3512 1158 3593 eudem,
1182 3512 1268 3601 qrrutl
1289 3512 1425 3603 preiren-

300 3629 385 3708 dam,
419 3648 481 3715 que
511 3623 741 3696 subdecanatui
773 3646 895 3695 annexa
924 3646 1052 3714 semper
1079 3621 1196 3708 extitit,
1234 3621 1425 3715 manutergii

301 3742 428 3809 feudum
453 3737 484 3807 in
522 3760 600 3809 eena
634 3740 778 3819 iternini,
813 3736 939 3807 niueam
969 3758 1033 3826 que
1052 3735 1169 3805 dieitur
1198 3738 1425 3821 Petronium,

300 3867 462 3943 prmurum
475 3864 606 3942 arpenta
621 3852 685 3920 dun
704 3853 744 3920 au
765 3851 869 3921 uitium
887 3849 948 3920 sita
968 3871 1030 3939 que
1050 3848 1211 3921 Maeotium
1228 3848 1425 3935 nominatur,

297 3968 415 4037 Vallem
432 3988 504 4035 eum
527 3963 686 4036 uniuersis
705 3965 744 4034 au
759 3964 921 4055 grangiam
942 3962 1176 4056 pertinentibus
1191 3962 1374 4055 abeuntique
1393 3978 1427 4036 et

296 4079 373 4151 nitri!
402 4081 487 4151 atiud
519 4078 706 4150 retinuisset
733 4079 976 4163 sutrdeeanatui,
999 4092 1032 4149 et
1063 4077 1230 4149 uniuersas
1253 4101 1306 4151 ree
1330 4080 1425 4165 atius,

295 4193 477 4283 ubicunque
492 4195 629 4286 positas,
645 4216 707 4284 qaae
731 4194 769 4262 ad
796 4194 1049 4264 subticeanatnm
1070 4190 1177 4263 medis
1203 4204 1427 4285 spectaverant

293 4392 518 4403 ——ff-...nm
532 4392 639 4400 -....---
659 4392 716 4399 .-..
734 4392 825 4399 ---—..
839 4392 871 4399 .-
885 4390 1122 4400 m...—

327 4508 335 4541 ¹
355 4510 393 4563 Le
415 4508 503 4579 nupera
528 4509 678 4578 Fuutques,
701 4509 717 4561 a
737 4509 762 4561 ia
786 4510 878 4561 atienae
904 4506 977 4572 date,
997 4508 1132 4561 eonttrma
1146 4511 1219 4561 cette
1245 4504 1427 4565 erdennuuoe

288 4596 322 4651 de
339 4598 520 4664 transaction,
537 4596 609 4649 daris
624 4595 664 4650 les
679 4598 788 4652 irrumet
802 4604 838 4651 ter
846 4612 915 4651 mee.
929 4625 961 4637 -
975 4594 1062 4666 Cupie
1072 4594 1257 4666 authentique
1268 4598 1367 4661 (xtrtw
1373 4598 1423 4667 1.),

284 4686 372 4741 Areia.
393 4685 543 4742 duLuiret.
562 4686 595 4739 u.
612 4686 678 4741 tea.
