3420 5490
792 679 973 744 ..199-

319 804 420 875 teneri
443 801 562 875 fuimus
577 802 731 886 arbitrati,
758 817 792 876 et
810 827 883 876 curn
900 804 993 879 aiiter
1011 808 1060 878 eis
1080 805 1265 880 satisfacere
1287 830 1351 879 nou
1372 831 1447 901 pos·

318 937 440 999 semus,
457 917 581 989 decano
596 929 627 988 et
639 917 779 1008 capituto
793 922 911 990 Sancte
922 918 1033 991 Crucis
1048 921 1164 993 domos
1183 933 1216 993 et
1228 918 1338 994 uineas
1354 944 1448 1015 sepe·

319 1031 396 1099 tatas
412 1029 605 1102 tradidimus
621 1031 652 1101 in
668 1034 825 1116 sotutum,
846 1045 1026 1105 statuentes
1045 1046 1077 1105 ct
1097 1034 1225 1125 scriptis
1236 1035 1446 1126 presentibus

318 1143 549 1234 inperpetuum
564 1147 793 1216 confirmantes
804 1158 852 1229 ut,
866 1143 927 1217 nisi
939 1169 1050 1217 comes
1061 1149 1109 1219 rei
1122 1150 1310 1240 ltadutpbus
1324 1152 1445 1223 iiareus

318 1259 356 1328 de
375 1279 501 1328 summa
523 1260 732 1330 ducentarum
753 1259 903 1330 tibrarum
920 1282 937 1331 a
958 1260 1100 1353 capituto
1120 1265 1237 1333 Sancte
1257 1261 1369 1335 Crucis
1388 1265 1445 1335 do·

319 1393 388 1441 mos
409 1383 442 1441 et
461 1369 571 1444 uineas
599 1370 778 1445 antedictas
798 1371 985 1459 redemerit,
1015 1396 1117 1466 penes
1133 1374 1310 1467 capitutum
1336 1374 1443 1468 ipsum

317 1499 469 1578 perpetuo
499 1489 622 1580 absque
641 1487 824 1581 calumpnia
861 1487 966 1580 aliqua
994 1493 1043 1562 uei
1083 1489 1345 1565 contradiccione
1365 1491 1446 1565 resi·

316 1604 436 1685 deaut3
470 1614 614 1696 tempora
639 1603 870 1695 redemptionis
898 1605 979 1676 intra
1011 1628 1133 1677 annum
1168 1619 1200 1678 et
1230 1606 1316 1679 diem
1347 1606 1445 1682 dietis

320 1718 483 1809 ttadutptro
502 1731 534 1790 et
554 1717 663 1789 comiti
682 1720 928 1791 concludentes.
948 1721 1130 1811 Capitulum
1153 1733 1262 1793 autem
1277 1722 1443 1795 concessit

317 1835 399 1921 qnod
429 1835 470 1904 dc
494 1835 662 1904 domorum
682 1845 716 1905 et
743 1832 907 1904 uinearum
929 1832 1137 1925 proventibus
1162 1837 1300 1906 Duucim
1322 1835 1442 1929 [ensis]

317 1944 458 2037 episcopi
492 1959 525 2017 et
553 1946 739 2038 {buchardi}
783 1944 1002 2019 archidiaconi
1034 1946 1251 2019 anniversaria
1283 1946 1377 2020 saciet
1407 1961 1442 2021 et

317 2057 479 2130 canonicis
496 2057 549 2149 qui
563 2061 742 2129 intererunt
762 2061 918 2149 usquead
939 2059 1061 2130 sotidos
1074 2064 1120 2130 LX
1137 2082 1194 2150 pro
1214 2058 1441 2130 anniversariis

316 2171 471 2242 iaciendis
488 2171 671 2244 distribuet.
692 2176 805 2243 butum
825 2194 909 2243 auno
929 2173 1023 2246 Verbi
1044 2171 1198 2244 incarnati
1211 2173 1369 2244 HGXCVI.

821 2535 925 2598 CXVii

828 2811 909 2876 trus
1028 2811 1029 2814 '

311 3063 403 3136 tienri,
418 3063 525 3138 trcqnc
540 3063 697 3134 d'Orleans,
713 3063 811 3120 edecta
824 3063 841 3120 b
855 3079 907 3119 son
923 3063 1111 3120 anniversairo
1124 3079 1181 3121 une
1200 3063 1383 3124 uienibution
1397 3065 1434 3124 de

428 3161 466 3218 20
480 3161 562 3217 tirres
576 3178 626 3217 sur
640 3160 680 3217 ies
696 3166 790 3217 rentes
808 3160 844 3217 de
860 3162 921 3218 Bou
935 3166 965 3216 et
977 3160 1018 3217 ies
1031 3165 1121 3217 terres
1136 3161 1174 3218 du
1188 3161 1306 3236 Trbpop.

459 3307 549 3379 (Oris.
561 3307 645 3364 buch.
662 3307 701 3363 du
717 3306 822 3379 boiret,
837 3306 870 3364 G.
881 3306 938 3386 ‚3⁸5
950 3321 958 3377 ς
972 3307 1097 3363 mention
1111 3305 1278 3379 Scriptum).

352 3528 384 3595 tu
405 3525 537 3596 nomine
557 3536 669 3595 sancte
688 3534 720 3594 et
747 3521 909 3594 individue
927 3520 1105 3607 Trinitatis,
1129 3544 1236 3594 amen.
1260 3523 1431 3612 Henricus,

310 3637 362 3709 Dei
382 3639 484 3728 gratia
515 3635 754 3709 Aurelianensis
784 3634 970 3727 episcopus,
997 3634 1150 3706 omuibus
1169 3637 1203 3706 in
1225 3650 1430 3729 perpetuum.

309 3755 410 3835 Quum
425 3773 462 3821 ea
478 3774 541 3841 que
560 3764 716 3841 geruntur
729 3771 887 3819 armorum
914 3746 1088 3819 inveterata
1112 3747 1281 3820 curriculis
1296 3772 1431 3823 euanes-

309 3865 553 3948 cuut,consutte
571 3861 676 3954 agitur
696 3860 722 3932 si
752 3883 816 3953 que
842 3859 1064 3951 sottempniter
1094 3873 1234 3952 aguntur
1250 3862 1429 3935 titterarum

309 3975 458 4049 memorie
469 3978 750 4058 commendentur,
766 3997 807 4046 ne
820 3997 957 4064 quorum
975 3971 1163 4045 memoriam
1183 3976 1322 4046 bumana
1337 3977 1432 4069 trapi·

309 4086 375 4160 titas
394 4089 517 4158 diutius
540 4101 665 4160 exstare
686 4110 750 4158 nou
770 4085 900 4176 patitur,
920 4096 1022 4156 tractu
1047 4085 1202 4176 temporis
1220 4086 1253 4157 in
1287 4090 1430 4161 recidive

308 4199 522 4273 contentionis
552 4202 739 4289 scrupulum
774 4199 968 4268 rotabantur.
1003 4201 1179 4289 Eapropter
1202 4222 1220 4271 a
1244 4199 1430 4291 cognitione

310 4316 504 4402 presentium
543 4314 691 4382 uolumus
714 4310 881 4400 peruenire
900 4311 939 4379 ad
961 4308 1107 4379 notitiam
1136 4313 1315 4381 futurorum
1329 4314 1429 4403 quod,

309 4421 337 4497 in
360 4425 540 4499 remedium
566 4422 672 4497 anime
688 4436 809 4515 nostre,
827 4420 965 4495 ecclesie
984 4421 1250 4497 victoriosissime
1269 4438 1302 4497 et
1320 4423 1432 4499 saiuti-

310 4541 370 4613 tere
391 4537 503 4613 Crucis
537 4543 588 4611 XX
608 4537 705 4610 libras
724 4535 861 4629 singuiis
880 4535 974 4607 aunis
994 4534 1027 4607 in
1047 4538 1101 4609 die
1114 4536 1327 4611 anniversarii
1351 4561 1432 4612 uos·

310 4657 346 4728 tri
364 4654 604 4728 distribuendas
619 4652 855 4737 concessimus,
869 4651 910 4724 ita
926 4653 1013 4745 quod
1031 4649 1163 4725 Csotidi
1188 4651 1344 4739 nutritiis,
1360 4652 1432 4726 reti·
