3420 5490
817 977 885 1040 Llll

473 1230 517 1290 aa
532 1181 673 1304 errasse,
692 1225 742 1310 [aa
757 1242 847 1289 mars
862 1224 938 1289 ιιιι
957 1224 977 1289 a
998 1226 1035 1289 m
1050 1226 1132 1290 avan
1150 1224 1246 1308 ure]

289 1474 373 1532 Louis
388 1475 437 1530 llll
450 1476 585 1531 coullrme
598 1478 623 1531 lo
637 1474 692 1533 dou
707 1475 758 1533 tait
775 1493 826 1549 par
848 1475 973 1550 l'lrequo
996 1474 1145 1532 d'Orloans
1164 1493 1202 1533 au
1223 1477 1348 1552 chapilre
1373 1479 1409 1536 de

324 1573 358 1628 15
371 1572 455 1628 lirres
470 1570 505 1628 de
519 1588 625 1629 rerenu
639 1590 688 1628 sur
702 1574 743 1630 les
757 1572 899 1629 oblations
911 1589 946 1629 nu
956 1572 1024 1645 jour
1037 1572 1227 1631 anniversaire
1240 1574 1277 1631 de
1292 1575 1320 1632 la
1331 1575 1410 1634 roine

323 1669 481 1726 Constaueo
498 1672 527 1725 et
540 1685 577 1725 au
591 1670 661 1725 sien.

371 1840 459 1910 (Orig.
476 1840 562 1895 Areu.
578 1838 616 1893 du
632 1838 726 1894 Loiret
741 1840 775 1895 G.
791 1840 843 1895 257
853 1837 873 1896 ¹.
888 1869 924 1880 -
938 1839 1024 1912 Gople
1046 1840 1081 1895 de
1102 1840 1213 1908 Beluae,
1229 1859 1259 1914 p.
1274 1840 1333 1914 66).

486 1937 571 2003 (Pub.
587 1935 735 2008 d’Aclrery.
750 1935 953 2009 Spicileyirtra,
977 1942 997 1994 t.
1012 1937 1086 2005 lllll,
1101 1953 1127 2009 p.
1145 1938 1218 2011 197).

431 2147 629 2196 cuuftltrtlrto
645 2151 783 2194 nuuovtct
797 2148 884 2193 nuots
899 2149 994 2194 suuutt
1007 2152 1169 2204 Qurutrncttt
1183 2153 1276 2197 stuttts

667 2255 869 2300 Punctutuuots
884 2254 915 2299 ΙΝ
932 2254 1034 2301 CALICB

336 2444 370 2511 lu
388 2441 520 2513 nomine
539 2451 660 2511 sanetm
676 2451 707 2512 et
727 2437 898 2511 individua·
907 2439 1074 2511 Trinitatis
1093 2463 1197 2513 amen.
1222 2443 1414 2526 ludovicos,

290 2555 346 2628 llei
360 2557 459 2646 gratia
481 2559 673 2627 Francorum
695 2579 759 2640 rer,
776 2555 930 2626 omnibus
950 2557 982 2625 in
1008 2569 1211 2648 perpetuum.
1237 2556 1343 2649 llegiae
1363 2581 1416 2629 su-

291 2669 456 2739 lrlimitatis
471 2684 591 2740 nostrae
610 2668 757 2758 deposcit
771 2668 912 2739 officium
933 2682 967 2738 ut
988 2692 1061 2752 nos,
1082 2668 1137 2760 qui
1160 2668 1191 2739 in
1209 2671 1292 2742 solio
1325 2671 1415 2763 regui

292 2787 486 2853 Francorum
506 2805 640 2853 munere
660 2782 768 2852 divino
788 2781 982 2865 residemus,
1007 2804 1117 2853 amore
1132 2782 1188 2853 Dei
1209 2784 1249 2855 de
1269 2784 1417 2855 eeclesiis

292 2899 353 2967 sula
368 2908 476 2967 nostra
497 2909 657 2987 potestate
671 2894 857 2967 constitutis
877 2895 1006 2967 solliciti
1024 2898 1141 2979 simus,
1156 2909 1189 2968 et
1217 2895 1244 2968 si
1265 2920 1326 2989 qua
1346 2921 1417 2990 por-

292 3010 383 3082 sonis
394 3009 500 3080 ‹lirino
511 3009 702 3102 mancipatis
723 3009 858 3083 servicio
872 3012 1027 3083 bunellcia
1041 3014 1261 3098 conterantur,
1282 3011 1418 3086 marimo

294 3125 358 3198 illis
382 3150 460 3218 quas
488 3124 632 3198 karitatis
656 3150 694 3198 ae
722 3123 943 3199 familiaritatis
963 3125 1102 3200 brachiis
1128 3126 1235 3200 areius
1259 3132 1419 3222 amplexa-

294 3269 366 3315 mur
390 3243 564 3335 benignum
576 3246 777 3336 praebeamus
786 3255 1010 3330 assensum‚et
1023 3265 1226 3335 neproeessu
1237 3258 1418 3337 temporum

296 3358 472 3451 perturbari
487 3369 542 3427 aut
577 3357 609 3427 in
630 3357 754 3426 irritum
775 3356 848 3427 duci
870 3360 994 3428 valeant
1018 3356 1145 3449 pietatis
1165 3356 1284 3429 iutuitu
1310 3382 1420 3431 cavea·

296 3497 381 3544 mus.
420 3476 534 3543 Notum
565 3472 670 3564 itaque
701 3470 837 3542 lacimus
868 3470 1027 3543 universis
1053 3484 1116 3543 tam
1162 3475 1278 3545 laturis
1323 3496 1419 3567 quarn

296 3586 510 3679 presentibus
530 3590 615 3677 quod
636 3587 738 3656 tidelis
765 3609 803 3656 ae
830 3585 983 3656 naturalis
1012 3599 1123 3657 noster
1151 3587 1198 3658 rir
1227 3587 1420 3659 venerabilis

296 3706 471 3782 manasses,
502 3697 648 3771 ecelesiae
668 3697 906 3769 Aurelianensis
935 3697 1123 3790 episeopus,
1151 3699 1317 3771 canonicis
1337 3699 1418 3785 suis,
1517 3739 1518 3742 π

294 3812 444 3883 videlicet
462 3813 602 3903 capitulo
621 3816 747 3882 Sanctae
762 3810 886 3894 Crucis,
902 3834 1044 3882 aunuum
1059 3812 1218 3884 redditum
1234 3814 1419 3904 quindecim

296 3927 447 3998 libmrum
470 3927 502 3995 iu
519 3923 736 3996 oblationibus
752 3926 859 4015 magni
880 3923 989 3995 altaris
1015 3937 1047 3997 et
1064 3925 1177 3998 ealieis
1204 3924 1237 3996 in
1271 3924 1421 3999 elemosi-

295 4064 370 4112 nam
392 4051 578 4131 perpetuam
599 4039 728 4108 donarit
744 4062 752 4121 ;
767 4052 875 4109 certos
894 4038 990 4109 etiam
1022 4039 1189 4122 terminos,
1213 4038 1333 4130 quibus
1352 4041 1420 4109 sin-

297 4153 380 4243 gulis
399 4155 494 4223 aunis
513 4151 744 4242 reciperentur,
768 4151 952 4242 assignans,
976 4151 1086 4221 statuit
1104 4166 1137 4223 et
1159 4152 1300 4223 decrerit
1327 4166 1360 4222 ut
1379 4155 1421 4224 tle

299 4267 361 4335 illis
382 4263 566 4354 quindecim
584 4262 674 4335 libris
688 4287 814 4354 sempor
838 4263 869 4333 in
886 4267 940 4335 elie
955 4265 1167 4335 anniversarii
1196 4268 1300 4337 nostri
1331 4289 1422 4339 sera·

334 4634 343 4668 ¹
363 4632 452 4694 Seelle
463 4649 513 4692 our
528 4632 585 4689 laos
599 4631 635 4689 do
646 4632 705 4689 sois
723 4632 812 4705 jaune
825 4649 874 4689 sur
888 4631 992 4690 double
1006 4648 1109 4707 queue.
1127 4633 1164 4688 le
1184 4649 1267 4690 sceau
1287 4649 1421 4707 maraque.
