3420 5490
767 720 805 731 ..
826 685 886 749 340
907 719 946 729 -

293 807 388 881 nensi
404 807 613 899 quadraginta
632 820 664 879 et
691 820 766 880 octo
780 822 912 900 arpenta
926 821 1025 892 terre,
1047 832 1112 880 uuo
1130 811 1276 900 quaterio
1293 814 1418 894 minus,

293 918 354 989 sita
367 919 451 1008 apud
466 915 608 1002 luisses,
624 916 709 987 inter
729 921 882 987 Sanctum
902 920 1095 987 Germanum
1114 930 1146 988 et
1165 918 1359 988 fortericiam
1373 920 1415 989 dc

291 1030 434 1113 doleres,
449 1032 537 1121 juxta
553 1029 646 1101 llaias
660 1054 669 1114 ;
684 1053 756 1120 ego,
774 1029 806 1099 iu
825 1052 894 1100 mea
915 1028 1013 1101 libera
1035 1029 1413 1121 potestatecoustitutus‚

291 1158 358 1215 tant
376 1141 610 1214 ordinationem
636 1146 676 1213 alt
705 1142 777 1235 ipso
797 1141 928 1214 domiuo
956 1165 1031 1233 rege
1051 1146 1184 1227 tactum,
1206 1166 1302 1235 quam
1321 1145 1420 1216 ctiam

289 1254 546 1346 assignationem
563 1269 595 1327 ct
615 1254 818 1327 traditionem
838 1256 1100 1347 aprenomiuatis
1122 1261 1151 1327 l.
1182 1270 1215 1328 et
1243 1262 1279 1329 tt.
1301 1261 1418 1329 tactam

289 1368 431 1461 capitulo
450 1384 627 1441 memorato
641 1383 741 1441 ratam
766 1371 869 1441 ltalteo
883 1369 999 1462 pariter
1021 1386 1054 1441 et
1077 1383 1264 1463 acceptam3
1286 1368 1420 1464 promit·

290 1496 363 1554 teus
389 1495 423 1553 et
454 1485 550 1554 tidem
581 1486 779 1574 corporalem
807 1496 954 1574 prestaria
982 1485 1067 1573 quod
1099 1484 1133 1554 iu
1162 1482 1258 1555 dictis
1280 1486 1418 1576 quadra-

289 1599 377 1689 ginta
391 1610 425 1668 et
443 1612 518 1669 octo
537 1598 681 1690 arpentis
698 1612 793 1686 terre,
827 1621 891 1671 uno
910 1597 1072 1689 quarterio
1089 1596 1209 1682 miuus,
1235 1596 1334 1671 uiclail
1362 1620 1419 1691 per

290 1735 343 1783 me
374 1715 422 1783 uel
472 1733 529 1804 per
569 1709 665 1781 alium
705 1714 855 1782 decetero
890 1714 1083 1782 reclamabo.
1111 1710 1280 1784 Eustachia
1306 1711 1415 1795 etiam,

290 1847 367 1895 uror
403 1848 485 1912 mea,
518 1827 557 1895 ad
589 1847 701 1917 preces
729 1847 830 1908 meas,
862 1838 926 1896 um
959 1823 1195 1897 ordinationem
1227 1823 1417 1917 promittam

288 1961 386 2031 quam
407 1939 504 2010 etiam
526 1937 780 2030 assignationem
801 1952 834 2009 et
852 1937 1056 2010 traditionem
1082 1938 1298 2031 supradictam
1319 1961 1419 2031 spon·

289 2063 383 2121 tanea
401 2053 500 2122 uoluit
512 2065 543 2122 et
556 2049 733 2133 concessit,
752 2049 943 2142 promittens
951 2063 983 2122 et
997 2053 1092 2122 ddem
1108 2053 1309 2142 corporatam
1331 2074 1420 2144 pres·

289 2174 362 2234 tans
377 2165 463 2253 quod
480 2165 512 2232 in
533 2164 619 2232 dicta
634 2177 728 2248 terra,
749 2164 835 2232 sicut
848 2160 970 2233 dictum
993 2177 1043 2233 cst
1057 2161 1221 2254 assignata
1241 2178 1272 2234 et
1289 2164 1417 2247 tradita,

289 2279 413 2347 ratione
432 2276 575 2347 dotalicii
596 2280 643 2346 acl
663 2275 722 2346 alia
751 2298 953 2366 quacumque
982 2277 1106 2348 ratione
1136 2299 1194 2368 per
1221 2299 1257 2349 se
1287 2280 1336 2348 acl
1362 2299 1419 2367 per

288 2389 386 2461 alium
407 2390 503 2460 uiclril
532 2393 681 2460 decutero
708 2389 904 2460 reclamabit.
936 2394 969 2459 lu
999 2394 1094 2481 cujus
1125 2388 1170 2461 rci
1193 2388 1417 2462 testimonium

290 2517 459 2596 presentes
478 2507 601 2574 litteras
623 2503 717 2593 sigilli
734 2502 795 2573 mci
811 2502 990 2575 munimine
1011 2507 1171 2576 roborati.
1194 2510 1308 2577 ictum
1332 2526 1418 2575 anuo

293 2613 422 2686 Domini
447 2618 524 2685 llCC
540 2615 704 2686 tricesimo
717 2629 818 2701 scito,
838 2638 949 2687 mense
970 2616 1148 2688 decembri.

782 2981 933 3044 duxltdt

545 3328 549 3336 .
577 3284 618 3343 La
639 3281 839 3357 cour-llieu,
856 3277 1032 3345 ddcembre
1047 3280 1137 3343 1936.

296 3525 474 3582 {latification
491 3542 541 3597 par
555 3526 581 3580 la
596 3526 674 3581 raino
694 3525 851 3596 ingeburpe
872 3526 908 3581 de
929 3525 1119 3597 l’ttssipnalion
1134 3525 1200 3583 laitc
1213 3542 1263 3583 sur
1276 3526 1319 3583 tes
1333 3531 1423 3583 lcrrca

520 3625 555 3675 de
568 3620 700 3693 Luperca,
717 3621 765 3693 qui
781 3622 839 3677 tout
854 3621 942 3693 partic
956 3622 991 3677 dc
1003 3638 1054 3678 son
1067 3622 1193 3679 douairs.

298 3766 386 3836 (θήῃς.
410 3782 433 3821 s.
456 3766 552 3839 parcit.
568 3766 654 3821 dreit.
671 3766 709 3822 du
723 3766 827 3835 Loirsl,
841 3766 876 3821 G.
892 3766 955 3823 492.
979 3796 1010 3809 -
1035 3768 1128 3840 Cupis.
1153 3766 1212 3824 Bilt.
1229 3768 1291 3825 ttat.
1307 3768 1423 3825 floream

548 3863 601 3917 152
615 3862 684 3929 alti,
700 3862 810 3936 d’aprda
823 3864 849 3919 lu
864 3863 1025 3931 cartulaire,
1042 3863 1115 3921 nau
1128 3868 1181 3933 ν’.)

296 4004 299 4011 ·
324 3983 409 4055 (Pub.
427 3984 574 4041 Bullatirta
589 3984 623 4040 dc
638 3985 666 4041 lu
681 3986 746 4043 Soc.
758 3986 780 4039 d
787 3982 889 4043 rcltdoi.
905 3986 940 4041 dc
954 3985 1142 4054 l'ilrldunttt'a,
1154 3992 1175 4045 l.
1187 3986 1260 4055 vltl,
1274 4002 1303 4061 p.
1317 3984 1397 4061 512.)

342 4205 366 4271 l.
388 4200 445 4272 [tei
466 4200 565 4293 pratia
586 4205 778 4274 Francorum
807 4202 930 4295 regina,
960 4202 1118 4276 uniuersis
1141 4206 1181 4275 ad
1204 4226 1289 4297 quos
1314 4204 1422 4279 littore

293 4327 464 4405 presentes
493 4316 696 4406 pervenerint
728 4318 864 4387 salutem
896 4316 927 4386 in
960 4320 1110 4388 Domino.
1138 4321 1255 4390 Notum
1284 4317 1421 4393 iacimus

293 4429 379 4518 quod
413 4450 485 4497 cum
522 4428 711 4498 karissimus
746 4442 856 4499 noster
890 4432 1083 4513 ludovicus,
1125 4452 1179 4501 rea
1221 4430 1420 4505 Francorum

292 4539 438 4621 illustris,
459 4542 633 4612 occasione
652 4537 795 4611 enormia
814 4541 889 4611 lacti
908 4545 1006 4634 quod,
1024 4565 1082 4635 pro
1098 4542 1265 4615 occisione
1284 4543 1420 4617 clerico·

289 4674 361 4725 rum
383 4653 560 4725 Aurelianis
580 4657 675 4755 tacta,
690 4653 809 4727 dilecto
822 4670 934 4726 uostro
951 4656 1075 4745 llupoui
1088 4654 1295 4739 Buticulario.
1311 4656 1418 4745 militi,
