3420 5490
772 661 933 724 ..40..

289 792 441 865 omnibus
461 792 556 882 longe
575 791 703 881 lateque
726 799 781 860 eut
798 811 897 882 prope
919 785 1032 881 positis
1049 790 1160 872 rebus,
1183 791 1222 863 ad
1243 788 1414 881 pretinm

289 910 381 979 uillas
401 903 650 999 pertinentibus,
671 918 703 975 et
723 901 841 974 tamilla
861 901 1027 994 utriusque
1040 924 1148 974 sexus.
1167 905 1201 973 ln
1215 925 1298 996 pago
1316 905 1413 977 etiarn

289 1019 487 1104 blesinsem,
507 1017 578 1090 villa
601 1042 673 1110 qum
693 1032 826 1089 vocatur
856 1018 962 1088 Curtis
1008 1040 1082 1088 enm
1100 1016 1252 1089 omnibus
1276 1022 1316 1090 ad
1343 1042 1413 1092 eam

289 1133 539 1226 pertinentibus.
565 1137 753 1202 ldemoratas
774 1130 870 1220 igitur
895 1133 1007 1214 cellas,
1028 1131 1239 1215 monasteria,
1258 1145 1290 1202 et
1309 1132 1414 1216 villas,

288 1269 363 1318 curn
379 1243 474 1316 nonis
489 1259 520 1316 et
537 1242 672 1315 decimis
684 1265 766 1334 quas
786 1241 854 1335 ipsa
869 1244 1005 1314 ecclesia
1019 1245 1060 1314 de
1077 1242 1230 1314 comitatu
1243 1261 1275 1315 et
1289 1246 1329 1316 de
1341 1244 1414 1316 aliis

290 1357 384 1443 uillis,
405 1381 477 1451 quan
498 1357 529 1428 in
555 1358 713 1428 benetlcio
732 1355 952 1441 continentur,
977 1356 1124 1450 accipere
1143 1356 1325 1444 consuerit,
1354 1381 1414 1430 seu

290 1474 369 1548 alins
385 1496 437 1545 res
455 1495 530 1544 curn
543 1474 640 1544 rebus
659 1469 811 1544 omnibus
826 1485 857 1543 et
879 1470 1047 1565 mancipiis
1061 1473 1150 1544 adse
1164 1472 1412 1565 pertinentibus,

289 1612 370 1684 quas
395 1591 542 1660 modoet
574 1603 651 1658 tunc
671 1589 742 1680 jure
757 1591 794 1675 [et
826 1585 970 1680 legaliter
1010 1585 1078 1682 ipsa
1111 1590 1240 1661 tenebat
1263 1587 1414 1677 ecelesia,

288 1704 467 1798 apostolico
493 1717 612 1775 nostru
636 1700 836 1774 auctoritatis
860 1701 922 1773 ritu
951 1724 1007 1795 per
1027 1705 1088 1774 boc
1102 1716 1220 1774 nostru
1236 1702 1415 1776 altitudinis

289 1817 444 1910 scripturn
472 1814 580 1888 eidem
609 1817 717 1887 denno
738 1818 965 1887 confirmamus
991 1815 1152 1901 ecciesiae,
1174 1831 1207 1887 nt
1239 1820 1299 1889 lrac
1319 1820 1414 1910 lrnjns

288 1929 477 2025 apostolicos
518 1929 608 2001 sedis
648 1928 849 2000 immunitate
881 1933 1030 2022 praelatus
1068 1928 1208 2021 pontifex
1253 1944 1285 2003 et
1317 1931 1415 2001 loturi

289 2042 475 2135 saepedicto
498 2040 647 2112 ecclesian
669 2043 824 2132 praesules
862 2063 918 2132 per
954 2041 1105 2111 omniact
1121 2041 1152 2111 in
1175 2041 1416 2134 omnibusque

290 2154 352 2226 sibi
366 2153 548 2225 necessaria
563 2154 681 2223 luerint
695 2165 840 2236 utantur,
860 2174 984 2242 suaque
1013 2155 1201 2236 delendam,
1235 2165 1267 2223 ct
1283 2150 1415 2224 liberam

290 2266 405 2339 exinde
425 2277 513 2336 etex
538 2263 609 2335 aliis
628 2266 725 2335 rebus
742 2287 814 2355 quan
831 2263 936 2335 eidem
957 2263 1104 2335 ccclesiae
1128 2287 1146 2335 a
1176 2265 1325 2337 bdelibus
1358 2266 1416 2338 llei

287 2382 423 2452 conlatae
442 2391 517 2449 sunt
542 2381 682 2448 babeant
708 2390 913 2470 potestatem.
938 2376 1062 2447 Obtulit
1090 2377 1211 2449 interca
1239 2377 1414 2469 jamdictus

288 2492 479 2568 venerabilis
507 2495 624 2584 praesul
649 2491 886 2564 aurelianensis
917 2493 1065 2564 ecclesian
1100 2492 1266 2564 obtutibus
1296 2495 1415 2566 nostris

287 2605 536 2680 anctoritatcm⁰
550 2605 761 2676 immunitatis
777 2627 887 2696 regum
903 2604 1052 2676 videlieet
1063 2605 1412 2697 atqueimperatornm‚

288 2720 404 2812 inqua
436 2732 503 2790 erat
528 2719 684 2790 insertum
704 2720 789 2810 quod
822 2717 883 2810 ipsi
913 2740 1006 2809 reges
1036 2721 1229 2789 Francorum
1265 2719 1415 2791 uidelicet

288 2848 423 2905 matrem
439 2832 626 2917 ecclesiam,
639 2832 691 2903 cni
709 2844 862 2903 auctorne
874 2835 941 2903 Deo
953 2831 1023 2924 ipse
1040 2829 1412 2925 reiterabiliscpiscopns

289 2962 419 3042 praeest,
434 2950 522 3019 subt
542 2970 602 3019 suo
622 2945 725 3040 ipsius
752 2945 929 3018 munimine
948 2969 986 3018 ac
1012 2945 1209 3019 devotione²‘
1237 2946 1418 3020 consistere

290 3063 456 3150 iecissent,
477 3076 510 3135 et
533 3086 647 3136 eornm
674 3060 874 3134 immunitate
895 3060 1112 3134 auctoritatis·
1130 3065 1286 3136 hactenus
1305 3066 1344 3134 nb
1365 3061 1419 3135 in·

290 3176 477 3271 quietudine
489 3175 667 3270 judiciariae
679 3180 863 3270 protestatis
881 3179 993 3248 eadem
1009 3174 1130 3248 munita
1140 3199 1179 3248 ac
1193 3181 1325 3249 detensa
1338 3176 1419 3251 luis·

290 3304 342 3364 set
360 3289 510 3363 ecclesia.
533 3294 582 3361 0b
602 3291 647 3361 rei
669 3302 776 3361 tamen
792 3289 973 3361 firmitatem
986 3289 1157 3381 postularit
1170 3312 1230 3362 nos
1244 3290 1419 3381 jamdictus

293 3402 484 3475 venerabilis
494 3402 688 3496 episcopus‘
702 3417 747 3489 nt,
763 3415 947 3474 sanctorum
965 3417 1089 3494 patrum
1103 3425 1224 3473 rnorem
1236 3407 1419 3494 sequendo,

295 3530 415 3586 nostran
455 3515 669 3587 immunitatis
708 3515 909 3607 priuilegium
950 3515 1056 3586 eidem
1101 3515 1167 3587 beri
1210 3538 1421 3588 censeremus

295 3627 455 3699 ecclesia.
491 3630 589 3718 Cujus
622 3625 832 3720 petitionibus
869 3629 984 3699 iterum
1018 3627 1154 3699 libenter
1173 3626 1360 3714 annuimus,
1388 3642 1421 3701 ct

295 3755 481 3813 sanctorum
513 3754 636 3834 patrum
657 3756 746 3832 gesta
762 3743 955 3825 roborando,
977 3743 1039 3812 boc
1058 3754 1177 3812 nostran
1208 3740 1421 3814 immunitatis

298 3853 497 3948 priuilegium
511 3858 571 3925 snb
592 3854 763 3924 interdicto
780 3853 964 3945 apostoliens
986 3852 1228 3925 constitutionis
1246 3877 1303 3946 pro
1322 3854 1420 3925 diuini

296 3970 403 4038 cultus
415 3990 524 4039 aurore
535 3981 567 4038 et
581 3981 701 4039 sanctae
715 3967 881 4058 religionis
891 3966 1063 4038 stabilitate
1074 3968 1114 4038 ad
1127 3980 1141 4012 ¹
1153 3966 1255 4059 ipsam
1267 3969 1417 4039 Sanctam

297 4082 414 4151 Sedem
434 4080 500 4150 beri
521 4081 743 4153 decrevimus:
764 4084 914 4172 perquod
935 4082 1140 4172 precipimus
1153 4096 1249 4171 atque
1265 4082 1418 4171 jobemus

297 4206 332 4262 nt
352 4193 460 4262 nullus
477 4193 574 4281 juder
611 4190 759 4284 publicus
784 4195 831 4262 tel
852 4189 986 4282 quilibet
1009 4213 1047 4261 es
1071 4188 1238 4281 judiciaria
1263 4203 1422 4282 potestate

327 4512 402 4564 xlx.
430 4538 461 4551 -
482 4527 519 4563 m.
538 4511 566 4576 Β)
592 4511 725 4564 ΒοΙιίιοο.
747 4538 778 4551 -
803 4525 831 4564 n.
852 4509 882 4572 Β)
903 4508 1000 4563 elatis.
1019 4534 1051 4548 -
1071 4524 1096 4561 o.
1120 4509 1151 4572 S)
1170 4505 1371 4561 autlsorltatem.
1394 4530 1424 4547 -

294 4607 321 4660 ρ.
336 4593 366 4653 Β)
379 4592 503 4645 authors.
524 4616 555 4633 -
567 4607 594 4658 q.
612 4592 642 4649 Β)
656 4593 743 4644 deest.
758 4618 790 4632 -
803 4606 829 4642 r.
841 4590 872 4653 Β)
884 4590 1051 4642 detonsione.
1068 4613 1099 4630 -
1119 4605 1143 4642 r.
1155 4588 1185 4647 Β)
1201 4586 1378 4640 authoritate.
1392 4610 1425 4629 -

298 4679 322 4724 t.
336 4673 367 4734 Β)
379 4672 493 4738 praesul.
505 4696 537 4711 -
552 4685 581 4722 u.
595 4670 629 4732 Β)
640 4670 691 4722 rel.
