3420 5490
842 1120 864 1181 C

816 1415 893 1478 1184
998 1447 1001 1455 ·

289 1695 454 1765 ilbglement
467 1710 518 1765 par
532 1693 573 1748 les
585 1692 716 1763 delegabo
730 1691 769 1747 du
793 1693 963 1762 saint-Sitne
985 1692 1023 1747 du
1043 1692 1180 1748 ‹litterend
1194 1708 1317 1748 surrenu
1331 1698 1411 1750 entra

392 1787 578 1845 minue-crois
593 1793 619 1842 et
633 1787 828 1844 Marmouticrn
842 1805 878 1843 eu
892 1789 967 1859 sujet
984 1789 1019 1843 ue
1034 1787 1140 1859 l‘eglisc
1155 1788 1190 1844 (le
1204 1790 1313 1845 losues.

522 1929 611 2032 (Orip.
630 1978 653 2016 ι.
670 1961 766 2032 parcb.
782 1961 868 2018 Arcb.
885 1960 923 2016 du
939 1960 1041 2026 Loiret,
1058 1962 1092 2017 G.
1108 1961 1184 2028 333).

334 2205 397 2292 ligo
413 2205 609 2293 Stephanus,
626 2205 744 2270 Sancte
765 2202 925 2270 Genovele
948 2201 1139 2271 parisiensis
1167 2201 1273 2272 dictus
1304 2204 1418 2283 abbas,

289 2328 320 2388 et
342 2319 629 2406 l'etrus,‘,tleeanus
650 2313 757 2385 Sancti
779 2313 926 2385 Germani
948 2313 1151 2401 Parisicusis,
1166 2339 1203 2386 ou
1219 2315 1421 2407 delegatione

290 2431 400 2501 domni
422 2453 504 2522 pape
525 2427 613 2500 Lucii
634 2428 724 2499 tercii
745 2429 929 2520 cognitores
944 2451 1041 2500 cause
1059 2452 1121 2520 rpne
1137 2431 1318 2501 vertebatur
1337 2429 1421 2501 iuter

292 2544 465 2614 ecclesiam
485 2546 602 2613 Sancte
623 2542 734 2612 Crucis
758 2541 998 2612 Aurelianensis
1026 2554 1058 2612 et
1083 2545 1258 2613 monacbon
1284 2542 1408 2632 Maioris

293 2657 477 2728 monasterii
499 2678 595 2747 super
614 2654 785 2726 ecclesiam
808 2657 847 2725 tle
869 2660 988 2746 Gneoua,
1012 2653 1129 2724 auditis
1154 2653 1302 2745 utrinque
1320 2655 1418 2725 ratio·

293 2771 390 2843 uibus
413 2786 445 2843 et
460 2770 705 2863 allegationibus
719 2770 881 2863 susceptis
901 2784 932 2841 et
952 2769 1122 2862 diligenter
1150 2768 1352 2853 examinatis,
1386 2786 1418 2841 ct

295 2890 425 2959 tanrlem
453 2886 622 2981 publicatis
653 2886 912 2958 attestationibus
941 2887 1107 2978 utriusque
1133 2885 1242 2980 partis,
1275 2887 1413 2957 consilio

295 3004 499 3096 prudentium
520 3018 551 3075 et
572 3003 795 3095 religiosorum
818 3001 969 3084 virorum,
984 3000 1159 3073 canonicos
1172 3006 1288 3073 Sancto
1308 3000 1422 3075 Crucis

294 3117 494 3186 absolvimus
513 3139 530 3186 a
551 3113 704 3208 petitione
724 3119 955 3186 monaeborum
971 3118 1153 3207 superiore
1169 3116 1423 3207 presentationis

294 3243 326 3299 et
346 3227 558 3300 institutionis
576 3227 743 3321 presbiteri
763 3227 795 3297 in
811 3228 947 3298 eeclesia
969 3230 1123 3318 predicta.
1145 3232 1182 3298 bt
1200 3250 1300 3318 quum
1321 3239 1424 3299 testes

296 3345 528 3411 monacborum
554 3340 700 3412 eliserunt
732 3343 997 3412 brcbambalrlum
1019 3343 1232 3432 presbiterum
1252 3341 1293 3411 ele
1314 3346 1425 3411 (leona

298 3476 354 3543 per
374 3458 492 3524 multos
511 3477 614 3524 aornos
635 3454 765 3524 terciam
781 3468 915 3544 partem,
936 3468 990 3523 aut
1010 3468 1139 3546 quintam
1167 3455 1303 3534 uolebat,
1333 3456 1426 3524 obla·

299 3565 422 3636 tionum
444 3590 561 3658 panum
589 3580 621 3638 et
647 3568 852 3638 candelarum
878 3566 1092 3637 seruientibus
1123 3568 1428 3637 monachorumrle·

299 3678 432 3749 disseio
453 3679 712 3770 «primocreatus,
734 3703 793 3750 nec
813 3682 1004 3750 artrtiuerum
1032 3682 1124 3768 cujus
1143 3677 1334 3749 auctoritate
1357 3677 1428 3750 nire

299 3791 442 3882 episcopi
463 3793 529 3861 sine
547 3791 676 3882 capituli
697 3795 758 3861 boc
779 3794 924 3874 lecisset,
946 3805 1046 3862 testes
1065 3806 1172 3861 arrtom
1193 3788 1423 3863 canonicarum

300 3903 447 3974 dixerunt
478 3902 551 3992 quia
583 3907 646 3972 «luo
681 3900 799 3973 milites
830 3902 884 3994 qui
932 3902 1020 3994 prius
1048 3905 1128 3973 eluas
1160 3899 1276 3973 tercias
1318 3918 1427 3994 partes

300 4020 438 4108 quonlam
456 4021 584 4108 antiqua
605 4016 930 4107 consuetudineque
949 4015 1043 4087 boelio
1059 4015 1176 4087 abolita
1198 4031 1249 4087 est
1263 4016 1427 4089 sententia

301 4130 645 4201 excommunicationis
670 4144 821 4221 cogente,
838 4130 869 4199 in
889 4153 985 4200 manu
1002 4128 1144 4221 episcopi
1160 4130 1200 4199 tle
1215 4131 1307 4221 cujus
1327 4133 1430 4204 leorlo

302 4243 332 4312 iul
369 4246 527 4313 babebant
568 4242 760 4327 dimiserint,
790 4258 822 4314 ct
855 4243 924 4333 ipse
954 4242 1129 4334 episcopus
1166 4258 1199 4314 et
1247 4241 1426 4334 capitulum

302 4361 419 4426 Sancte
439 4354 550 4426 Crucis
568 4359 694 4426 «luobus
715 4356 787 4427 liliis
808 4355 1023 4447 predictorum
1045 4355 1182 4425 militum
1204 4355 1332 4427 clericis
1356 4355 1431 4429 illas

302 4472 382 4538 tluas
396 4468 511 4538 tercias
530 4485 647 4558 partes,
666 4472 725 4538 sub
739 4493 842 4539 annua
855 4468 1011 4559 pensione
1028 4467 1122 4539 unitus
1140 4468 1220 4540 libre
1236 4490 1312 4540 cero
1329 4491 1427 4560 quatu

303 4596 409 4672 patres
437 4604 547 4650 uorum
572 4581 726 4672 episeopo
750 4583 874 4651 soluere
893 4593 1141 4656 consueveram.
1164 4583 1281 4651 babere
1292 4602 1429 4653 concna-

302 4692 414 4777 serint,
445 4715 504 4764 nos
516 4696 719 4765 attendentes
736 4694 891 4796 priuatum
906 4697 1021 4765 lactum
1040 4690 1206 4796 presbiteri
1225 4714 1289 4775 nou
1303 4694 1424 4777 tlobm
