3420 5490
820 1131 882 1193 cxl

815 1430 894 1496 1193

291 1708 437 1768 demando
450 1707 487 1764 de
500 1706 606 1781 poedon
622 1706 657 1762 de
672 1706 768 1762 eum
782 1704 818 1762 de
830 1706 948 1778 liram,
964 1705 1085 1775 mdade,
1100 1721 1173 1778 pour
1186 1705 1228 1762 les
1240 1709 1311 1763 tortu
1324 1704 1421 1780 qalla

557 1819 597 1877 pu
610 1819 711 1859 cauam
724 1817 778 1859 aux
793 1808 882 1859 terrea
898 1802 934 1858 de
949 1803 1152 1861 Salute-Greia.

289 1953 377 2024 (orig.
395 1953 480 2008 Arch.
496 1950 535 2008 du
548 1951 652 2021 loiret,
668 1952 702 2007 tl.
718 1982 752 1992 -
784 1951 871 2023 Cople
893 1949 930 2006 de
955 1952 1026 2007 Doro
1043 1950 1195 2008 Falieonot.
1213 1949 1274 2008 nto.
1291 1949 1328 2007 dc
1342 1950 1422 2009 l'dr-

309 2052 397 2106 aenal.
408 2050 478 2107 1008
491 2065 497 2102 τ
510 2048 840 2122 pomeranensem
849 2049 974 2105 ecclealau
987 2049 1016 2105 S.
1030 2048 1128 2104 Crucis
1138 2049 1393 2119 Aurelianorum).

335 2290 578 2363 venerabilibus
608 2289 736 2363 domnis
774 2303 806 2363 et
834 2288 948 2362 amieis
967 2288 1145 2362 carissimis
1182 2288 1334 2384 ll[ugonil
1362 2291 1418 2363 de·

289 2428 369 2477 cano
400 2418 432 2477 et
457 2407 609 2476 universo
638 2403 874 2476 Aurelianensis
904 2405 1043 2477 ecclesie
1072 2402 1303 2478 canonicorum
1328 2404 1415 2497 capi·

289 2523 369 2602 tulo,
397 2523 509 2590 Petrus
527 2521 568 2592 de
583 2518 743 2601 Crasseio,
766 2521 903 2590 salutem
920 2517 952 2589 in
967 2541 1007 2591 co
1027 2517 1081 2611 qni
1094 2532 1144 2591 est
1156 2518 1270 2590 salotis
1285 2521 1412 2592 author.

288 2632 428 2704 Veniens
441 2636 481 2705 ad
502 2655 553 2703 mc
580 2632 772 2704 venerabilis
800 2630 951 2704 dominus
978 2655 1070 2704 meus
1098 2646 1131 2703 et
1152 2633 1415 2723 consanguineus

287 2742 476 2817 carissimus
496 2746 665 2827 demicus,
682 2742 919 2816 Aurelianensis
938 2744 1126 2838 episcopos,
1143 2744 1176 2816 in
1196 2747 1281 2818 lecto
1294 2742 1416 2839 egritu-

287 2858 374 2931 dinis
392 2882 496 2931 meam
517 2857 668 2951 dignatus
687 2872 736 2931 est
753 2858 938 2950 parvitatem
952 2859 1092 2946 uisitare,
1108 2858 1175 2944 obi,
1192 2858 1298 2932 divina
1312 2858 1415 2954 inspi-

287 2987 378 3048 reote
396 2972 579 3056 clementia,
606 2976 754 3045 recolens
784 2986 815 3045 el
832 2972 863 3045 iu
891 2974 1079 3048 memoriam
1101 2990 1257 3050 revocans
1281 2973 1414 3070 injurias

287 3114 367 3183 qum
386 3114 447 3183 ego
467 3093 514 3161 iel
530 3089 708 3161 servientes
724 3087 786 3161 mei
803 3104 886 3162 terre
901 3105 933 3163 et
951 3090 1137 3163 luminibus
1164 3097 1281 3164 Sancte
1301 3090 1414 3164 Crucis

288 3204 459 3296 aliquoties
479 3203 701 3295 irrogavimus,
724 3218 830 3277 vestre
845 3206 1053 3277 sublimitalis
1068 3208 1205 3298 genibus
1227 3209 1414 3299 pmsolnlus

289 3317 413 3388 ueniam
435 3326 522 3407 peto,
541 3338 658 3406 rogans
670 3328 702 3384 et
716 3313 902 3405 supplicans
921 3327 955 3384 ut
967 3313 994 3385 si
1014 3317 1090 3406 qnid
1106 3316 1224 3407 injuste
1236 3315 1301 3407 egi,
1313 3314 1340 3387 si
1357 3337 1413 3387 ros

290 3429 320 3498 in
337 3433 446 3520 aliquo
465 3427 597 3509 olleudi,
617 3426 694 3497 milii
712 3440 854 3518 prestare
873 3429 1105 3518 indulgentiam
1136 3428 1326 3521 dignemini.
1348 3433 1414 3522 Ego

289 3559 395 3615 antem
412 3547 521 3635 jurare
541 3544 601 3615 leci
620 3546 830 3632 Stephanum,
850 3541 949 3612 lilium
967 3564 1087 3626 meum,
1104 3555 1278 3616 clusorem
1293 3566 1413 3632 meam,

289 3676 320 3731 et
340 3684 401 3749 epo
417 3662 513 3731 etiarn
530 3657 632 3751 jurari
653 3681 750 3748 super
769 3672 879 3728 sancta
894 3658 1053 3748 Evangelii
1070 3661 1162 3728 rerlra
1182 3660 1268 3750 quod
1282 3661 1323 3730 de
1346 3682 1415 3731 om·

290 3777 386 3844 nilrus
407 3772 752 3863 contentionibusque
772 3784 848 3840 sunt
869 3770 951 3842 inter
965 3771 1137 3843 ecclesiam
1157 3777 1276 3844 Sancte
1305 3773 1417 3846 Crucis

289 3904 320 3961 et
335 3913 394 3960 nos
413 3887 568 3980 quidquid
597 3901 795 3960 memoratus
815 3886 990 3979 episcopus
1004 3886 1118 3959 dixerit
1132 3911 1208 3980 epo,
1234 3890 1262 3960 si
1297 3888 1414 3970 uixero,

290 4005 316 4075 si
333 4029 408 4076 iero
422 4029 473 4075 me
489 4006 646 4076 ‹lecederc
661 4001 833 4093 contigerit
848 4005 935 4076 lllius
947 4026 1040 4076 meua
1050 4018 1083 4075 et
1097 4028 1175 4077 ntor
1190 4028 1273 4092 mea,
1288 4008 1417 4098 quando

292 4144 347 4213 per
368 4124 472 4211 ipsum
495 4120 648 4191 fuerimus
669 4117 827 4210 requisiti,
861 4117 1043 4191 tenebimur
1071 4122 1256 4193 numerare.
1275 4123 1322 4193 lle
1340 4144 1418 4193 coo·

290 4234 461 4306 soetndino
476 4247 581 4305 autem
603 4234 681 4315 riui,
699 4256 797 4323 quam
815 4230 846 4302 iu
863 4247 947 4303 terra
968 4237 1087 4307 Sancte
1107 4239 1220 4307 Crucis
1241 4257 1301 4306 nos
1321 4237 1418 4308 halre-

292 4374 377 4431 inus,
394 4365 426 4419 et
444 4350 497 4439 qui
522 4350 563 4419 de
583 4349 678 4419 nobis
698 4371 768 4418 eain
790 4347 942 4430 tennerit,
976 4347 1173 4441 precipimus
1203 4372 1244 4420 ne
1275 4363 1419 4443 tempore

293 4463 527 4535 uindemiarum
544 4462 724 4553 requiratur
739 4464 779 4531 alr
794 4461 981 4534 hominibus
997 4485 1057 4534 uec
1089 4463 1150 4555 ipsi
1172 4463 1321 4537 homines
1337 4468 1420 4538 oltra

300 4579 538 4652 rerrdmniarnm
568 4592 712 4673 tempora
734 4577 841 4649 vinnm
868 4602 1032 4651 reservare
1057 4578 1261 4671 aliquatenus
1280 4585 1423 4676 compcl-

295 4702 412 4770 lantnr.
431 4702 542 4769 letum
562 4720 648 4769 anno
666 4695 824 4768 incarnati
844 4694 938 4768 Verbi
949 4698 1106 4769 llctcm.

382 4840 454 4898 utto.
475 4854 542 4898 au.
1295 4839 1329 4896 13
