3420 5490
811 1034 935 1097 CCXCV

711 1308 751 1371 22
770 1309 905 1372 octobre
931 1308 1013 1373 1254

303 1533 440 1605 b’drdqne
452 1531 608 1600 d'0rlecns‚
623 1531 826 1589 arbitrecboisi
841 1533 861 1599 Ι,
877 1533 978 1605 ediuge
998 1549 1033 1589 uu
1045 1533 1172 1605 chapilrc
1184 1535 1211 1590 le
1222 1538 1375 1606 pslronsge
1392 1533 1430 1592 de

340 1629 445 1699 l’dglise
454 1628 489 1685 dc
502 1629 620 1699 baceno,
634 1645 689 1700 que
700 1628 740 1684 lui
754 1629 885 1703 dispulail
902 1629 993 1686 llcrvd
1006 1629 1058 1686 des
1076 1630 1197 1697 Boebes,
1213 1629 1386 1688 orchidincre
1395 1630 1430 1687 de

340 1726 513 1796 lleaugency.

498 1844 634 1916 (original
654 1863 677 1901 s.
692 1846 787 1916 parclr.
805 1845 891 1901 Arclr.
905 1844 944 1901 du
959 1843 1064 1916 hobel,
1080 1846 1113 1900 G.
1130 1845 1207 1916 376).

349 2037 583 2130 G[nillermnsl‚
604 2036 661 2108 bei
679 2035 783 2137 ‘gralia
809 2034 1047 2109 Aurelianensis
1065 2036 1252 2130 episcopus,
1273 2041 1429 2110 omnibus

306 2163 473 2238 presentes
502 2147 624 2220 lilleras
653 2149 846 2240 inspecturis
874 2151 1010 2221 salnlem
1044 2150 1075 2219 in
1095 2149 1245 2222 Domino.
1271 2150 1428 2223 Norerilis

301 2261 386 2349 quod
405 2281 478 2329 eum
499 2258 581 2330 inter
594 2257 728 2329 dilectos
744 2258 826 2328 dlios
842 2259 1013 2350 Oldonem}
1028 2260 1187 2329 decanum
1201 2273 1233 2329 el
1252 2257 1427 2351 capilulnm

303 2379 544 2461 Aurelianense,
559 2399 595 2446 er
608 2399 668 2445 una
684 2386 824 2467 nancel
839 2376 1045 2446 llerveumde
1063 2374 1218 2466 llurpibus,
1229 2374 1428 2449 arelridiaeo-

274 2565 278 2574 ,
303 2515 377 2561 num
399 2489 693 2582 Balgcnliacensem
715 2488 746 2560 in
766 2491 905 2561 eeclesia
922 2489 1155 2575 Aurelianensi
1169 2513 1206 2562 ex
1220 2493 1331 2579 allera,
1347 2515 1427 2564 con·

302 2605 407 2676 reneio
428 2618 603 2677 veneretur
630 2627 728 2696 snper
743 2605 814 2694 jure
835 2617 1021 2695 palroualus
1049 2605 1188 2676 ecclesie
1213 2606 1254 2676 de
1286 2609 1425 2690 Bacuus,

302 2718 448 2790 videlieet
463 2732 567 2788 ulrum
588 2720 627 2788 ad
644 2717 748 2788 diclos
764 2720 921 2789 decanum
944 2731 977 2790 el
993 2720 1168 2808 capitulum
1186 2717 1321 2791 collaeio
1338 2720 1425 2792 dicte

299 2831 436 2903 ecclesie
455 2830 614 2922 pertinere
627 2833 759 2901 deberet
774 2833 820 2902 nel
845 2832 885 2901 ad
909 2833 1172 2901 archidiaconum
1188 2831 1424 2922 supradiclum,

299 2957 331 3014 el
351 2946 477 3015 landem
498 2943 696 3033 superdicis
716 2943 930 3015 contencione
950 2942 981 3012 in
1001 2966 1060 3013 nos
1081 2945 1143 3014 alle
1172 2958 1205 3015 el
1220 2946 1317 3016 basse
1336 2960 1426 3017 essct

298 3055 421 3126 adielis
436 3059 580 3147 parribus
599 3055 880 3145 compromissum,
900 3069 932 3126 el
946 3057 1141 3146 promissum
1154 3059 1240 3147 quod
1253 3055 1339 3129 dicle
1354 3080 1423 3149 par·

299 3184 348 3240 les
363 3181 465 3239 ralum
486 3182 518 3240 el
539 3172 665 3239 sumum
687 3172 840 3240 baberent
860 3167 1013 3260 qurieqnid
1044 3193 1104 3239 nos
1124 3170 1164 3240 de
1183 3167 1268 3241 dicta
1287 3183 1425 3243 couleu-

298 3281 391 3352 eione
415 3294 447 3353 et
473 3281 574 3353 eciam
606 3284 647 3352 de
679 3283 855 3354 collacione
881 3280 1019 3354 ecclesie
1044 3285 1105 3353 bae
1134 3281 1202 3354 viee
1230 3284 1424 3358 duceremus

297 3399 535 3481 ordinandnm;
557 3422 628 3479 nos,
657 3395 773 3467 audilis
803 3395 986 3468 nacionibus
1015 3395 1313 3490 partiendosque,
1339 3397 1419 3491 ipsis

299 3511 441 3602 panibus
462 3513 666 3602 presentibus
677 3534 784 3582 eoram
801 3510 907 3596 nobis,
918 3514 972 3601 jus
983 3524 1169 3602 patronatus
1182 3511 1268 3583 dicte
1282 3514 1423 3585 ecclesie

297 3623 550 3715 adjudicavimus
570 3623 729 3717 pertinere
747 3624 787 3693 ad
802 3626 958 3695 decanum
974 3623 1191 3715 elcarnilulnm
1212 3639 1420 3716 memorales,

296 3738 381 3809 dielo
401 3739 627 3810 archidiacono
644 3752 799 3828 ‹ruanlnm
819 3741 859 3809 ad
879 3741 941 3809 boc
968 3752 1157 3830 perpetuum
1175 3737 1347 3810 silencium
1364 3739 1422 3811 im-

297 3856 461 3943 ponendo,
493 3867 525 3925 el
553 3851 668 3923 dielam
707 3853 891 3935 ecelesiam,
938 3852 1007 3923 viee
1051 3851 1196 3944 capituli,
1225 3852 1422 3927 contulimus

297 3970 419 4037 llalbeo
436 3966 567 4057 jclerico
596 3979 720 4050 nosco,
745 3966 853 4038 divine
886 3965 1001 4037 inluilu
1027 3966 1166 4058 pietalis.
1196 3972 1312 4040 bulum
1337 3991 1424 4042 anno

296 4079 423 4151 llomini
457 4078 629 4149 millesimo
652 4079 877 4151 ducentesimo
914 4079 1182 4171 quinquagesimo
1214 4094 1342 4171 quarto,
1371 4080 1423 4154 die

294 4192 376 4282 iovis
397 4206 470 4283 post
490 4196 606 4264 leslum
627 4192 729 4263 seneli
745 4197 841 4275 buce,
858 4195 899 4264 de
918 4214 1080 4265 consensu
1104 4192 1247 4284 parcium
1263 4193 1419 4284 predicta·

298 4330 379 4375 rum.

332 4613 341 4648 ¹
361 4614 495 4670 blercredi
524 4621 605 4670 avnnl
621 4615 796 4671 Sainl-llenis
810 4618 839 4687 (7
854 4614 978 4682 oclobre)
996 4615 1075 4672 125⁴.
1090 4646 1122 4658 -
1142 4616 1313 4673 blemecolc.
1340 4618 1422 4675 delos

297 4704 333 4758 dn
347 4704 472 4772 ebapilre
488 4711 515 4760 el
536 4705 655 4761 d'llervd
670 4705 720 4760 des
735 4706 857 4773 nocuas,
872 4709 1043 4778 promcllanl
1063 4705 1221 4779 d’nccepler
1235 4704 1262 4762 ls
1275 4712 1418 4764 munos.
