3420 5490
778 647 816 662 -
837 610 878 676 74
899 649 935 660 ..

291 741 443 810 tratribus
473 737 534 809 sibi
557 737 741 809 commissos
768 739 928 824 ecclesiae,
957 737 1104 810 uidelicet
1135 742 1261 811 sancus
1290 740 1415 825 Crucis,

291 850 422 922 easdem
443 849 532 918 villas
549 848 581 917 in
602 848 651 919 sui
670 848 771 919 rietus
791 847 986 938 stipendium
1008 846 1133 938 propria
1150 862 1182 920 et
1202 850 1416 921 libentissima

292 970 468 1046 voluntate,
497 962 568 1056 insu
598 966 661 1034 boc
691 978 833 1034 nostram
862 962 1086 1035 celsitudinem
1107 965 1313 1056 deprecante,
1336 989 1417 1059 prae·

290 1079 438 1150 sentibus
458 1077 635 1168 futurisque
660 1078 858 1168 temporibus
872 1081 994 1168 absque
1009 1077 1105 1149 ullius
1120 1076 1341 1170 inquietudine
1357 1083 1415 1151 de-

292 1195 397 1279 legare
416 1192 555 1260 studeat.
590 1188 816 1278 l‘raeeipientes
842 1210 969 1278 quoqne
999 1191 1204 1260 decernimus
1223 1205 1255 1260 et
1275 1192 1417 1263 indisso-

291 1298 431 1370 lubiliter
448 1301 613 1368 sancimus
630 1312 663 1367 ut
683 1319 777 1368 nemo
804 1320 1031 1368 successorum
1063 1312 1249 1369 nostrorum
1279 1300 1417 1394 alicujus

291 1408 471 1501 argumenti
503 1407 739 1480 machinatione
780 1408 906 1481 illectus
934 1413 1081 1499 praelatas
1110 1433 1174 1492 res,
1209 1435 1289 1503 quas
1320 1416 1417 1483 modo

292 1520 492 1593 liberalitatis
511 1536 629 1593 nostrae
659 1521 876 1592 munificentia
904 1525 1042 1613 praelatm
1063 1522 1210 1594 ecclesis
1241 1539 1274 1596 et
1293 1548 1415 1599 memo·

290 1649 359 1705 rato
379 1635 508 1725 presuli
529 1657 660 1725 suaeque
679 1633 826 1705 ecclesiae
845 1632 1010 1704 canonicis
1029 1637 1249 1706 confirmando
1269 1636 1414 1722 unimus,

290 1749 475 1818 abstrahere
488 1748 527 1816 ab
547 1747 693 1837 ejusdem
711 1748 859 1816 ecclesiae
880 1760 1038 1837 potestate
1052 1748 1180 1834 audeat,
1203 1751 1252 1819 rel
1272 1749 1416 1839 quolibet

290 1856 470 1930 occasionis
490 1862 623 1929 obtentu
652 1857 769 1930 violare
800 1860 988 1929 ullomodo
1018 1873 1214 1951 qrraesumat3
1235 1862 1293 1931 sed
1322 1860 1417 1933 liceat

290 1975 470 2046 rectoribus
501 1971 664 2066 iamdictus
695 1974 807 2044 matris
831 1972 979 2044 ccclesiae
1000 1977 1125 2044 Sanctus
1143 1973 1254 2046 Crucis
1281 1976 1315 2046 iu
1336 1999 1415 2049 usus

293 2091 424 2160 lratrum
444 2090 573 2158 easdem
596 2108 648 2158 res
662 2091 772 2178 quiete
792 2101 902 2157 tencre
923 2099 955 2157 et
975 2085 1104 2159 nemine
1127 2086 1325 2180 inquietante
1345 2114 1416 2182 pcr-

291 2201 458 2295 potnaliter
478 2201 654 2294 possidere.
680 2202 721 2272 lit
741 2216 775 2273 ut
794 2204 863 2272 baec
888 2216 1006 2272 nostrae
1037 2203 1291 2276 conlirmalionis
1321 2219 1416 2297 atque

291 2315 506 2390 restitutionis
525 2318 701 2389 auctoritas
720 2316 896 2411 pleniorem
924 2317 955 2388 in
976 2320 1035 2389 Dei
1062 2320 1193 2391 nomine
1219 2343 1276 2412 per
1303 2324 1415 2395 subsc·

288 2431 418 2523 quentia
452 2447 594 2522 tempora
613 2430 757 2502 obtineat
777 2430 931 2522 rigorem,
953 2455 1049 2502 mann
1076 2431 1201 2526 propria
1233 2438 1344 2506 subter
1363 2437 1415 2505 lir-

289 2551 460 2632 matrimus,
492 2563 524 2617 et
555 2547 641 2617 anuli
675 2548 776 2619 nostri
808 2545 1020 2639 impressione
1045 2547 1203 2640 jussimus
1240 2549 1413 2640 assignari·

333 2661 466 2752 Signum
487 2659 689 2729 llarlomanui
710 2658 933 2748 gloriosissimi
953 2660 1049 2750 regis.

334 2781 445 2845 butum
462 2777 471 2817 ¹
487 2775 569 2864 apud
593 2771 696 2843 uillam
716 2776 930 2854 Petraliotam,
945 2796 1031 2844 auno
1047 2777 1084 2844 lll
1099 2774 1190 2865 regui
1207 2777 1410 2848 llarlomanni

289 2885 513 2980 gloriosissimi
534 2885 630 2978 regis,
655 2886 686 2957 in
708 2910 819 2958 mense
840 2910 935 2970 rnaro,
951 2887 1125 2960 indictione
1139 2892 1231 2961 xlttt.

332 3006 508 3076 Norbertus
545 3000 690 3074 notarius
720 3003 759 3073 ad
794 3001 893 3073 uicem
918 3005 1055 3076 vullardi
1079 3003 1262 3097 recognovit
1288 3020 1321 3077 st
1340 3028 1412 3079 sus·

287 3116 413 3209 cripsit.

322 4530 330 4565 ¹
350 4529 438 4585 Touts
453 4529 479 4584 la
494 4529 567 4594 dats.
584 4529 640 4583 tres
654 4529 774 4583 errones
796 4527 865 4583 danu
887 4529 913 4583 lu
939 4529 1018 4600 copis
1032 4527 1067 4583 ds
1087 4528 1201 4596 leuss,
1221 4534 1264 4586 cst
1284 4528 1408 4599 corriges

289 4618 399 4690 d'spreu
414 4618 454 4672 las
469 4617 629 4672 Historiam
644 4618 693 4672 rte·
705 4616 823 4674 Gaudes.
