3420 5490
785 648 963 712 -ato-

309 775 524 860 remittemus,
544 788 671 847 nostras
701 787 847 867 patentes
863 777 1062 847 deserentem
1085 775 1209 848 litteras
1224 779 1309 869 quod
1326 778 1432 871 ipsum

310 890 541 962 instituerimus
560 890 777 961 continentes.
799 892 892 975 Quod
915 912 956 961 ne
981 889 1082 981 possit
1102 914 1258 982 processu
1276 892 1433 985 temporis

309 1004 468 1077 oblivione
481 1004 578 1075 deteri
600 1017 654 1075 aut
674 1003 706 1073 in
723 1003 847 1074 irritum
868 1002 957 1085 duci,
975 1016 1157 1096 presentem
1180 1004 1326 1096 paginam
1341 1006 1431 1097 sigii·

310 1121 412 1189 iorum
431 1131 613 1189 nostrorum
633 1118 835 1207 appositione
857 1119 1038 1207 partitoque
1068 1121 1268 1209 cyrographo
1292 1118 1429 1192 fecimus

309 1230 512 1302 communiri.
544 1234 655 1301 Actum
679 1252 765 1300 anno
796 1228 963 1301 Dominice
994 1229 1224 1301 incarnationis
1254 1230 1427 1302 millesimo

309 1345 534 1414 ducentesimo
553 1345 709 1414 secundo.

798 1730 945 1792 cxxxttt

790 2055 874 2116 Mars
891 2051 971 2118 taor

379 2331 439 2386 Bon
455 2347 505 2402 par
519 2329 643 2402 l‘eroquo
656 2329 770 2399 iiupues
785 2329 819 2385 de
834 2328 860 2384 la
873 2329 949 2384 dinae
965 2328 1001 2385 de
1013 2328 1155 2402 Satur-ayt
1170 2346 1207 2387 au
1222 2331 1359 2404 chapitre.

333 2476 415 2544 turbt.
440 2478 503 2534 Nat.
533 2477 647 2532 Moreau
673 2476 746 2531 103:
773 2475 834 2532 too.
859 2496 872 2526 ‹
894 2475 958 2531 Tire
974 2475 1013 2532 du
1032 2477 1138 2534 Gartnl.
1157 2477 1192 2535 de
1216 2478 1406 2537 Scinio-Greia

677 2571 835 2643 d'Orleans,
856 2571 947 2628 ⁹199
968 2579 1008 2628 att.
1026 2575 1052 2640 a)

351 2815 453 2901 liugn,
474 2810 529 2881 Dei
551 2811 649 2900 gratia
671 2809 910 2882 Aurelianensis
923 2809 1110 2900 episcopus,
1131 2809 1283 2881 omnibns
1296 2814 1335 2881 ad
1349 2834 1432 2901 utros

308 2934 472 3012 presentes
504 2924 612 2993 littere
642 2920 845 3012 pervenerint
876 2923 1012 2993 satutem
1043 2921 1074 2991 in
1108 2921 1259 2993 Domino.
1283 2921 1436 2995 Norerint

308 3034 446 3108 universi
469 3049 634 3129 presentes
655 3035 772 3128 pariter
795 3048 826 3107 et
842 3037 937 3106 tuturi
958 3039 1043 3126 quod
1061 3034 1218 3107 decimam
1235 3035 1266 3108 in
1284 3036 1435 3129 parochia

309 3150 413 3222 Sancti
439 3151 516 3240 ngiii
535 3150 755 3232 constitutam,
773 3174 867 3240 quam
893 3149 986 3221 uobis
1007 3151 1099 3221 tituto
1120 3150 1263 3242 pignoris
1282 3151 1435 3243 obligarit

308 3288 363 3354 pro
378 3263 606 3354 quinquaginta
627 3263 714 3334 tibris
740 3262 972 3354 parisiensibus
985 3266 1058 3356 (sic)
1080 3268 1222 3336 lierneus
1251 3267 1291 3336 de
1324 3269 1432 3347 Porta,

344 3570 352 3606 ¹
370 3575 457 3630 Antra
477 3580 539 3631 aete
556 3573 675 3629 retatiia
690 3574 717 3629 la
729 3574 808 3628 dtme
822 3571 857 3628 de
875 3573 1016 3644 Saint-Ap.
1033 3605 1067 3614 -
1081 3593 1096 3627 ι
1111 3571 1331 3643 Manasses,1)ei
1346 3575 1436 3646 grstia

308 3664 519 3718 Aurelianensis
534 3664 693 3734 episcopus,
706 3661 837 3717 omnibus
852 3662 886 3716 ad
900 3678 972 3735 quos
986 3662 1078 3717 littere
1094 3667 1239 3734 presentes
1255 3665 1437 3734 pervenerint

309 3752 335 3806 in
352 3752 471 3807 Domino
491 3750 620 3805 salutem.
639 3751 772 3805 Norerint
794 3750 915 3805 universi
930 3755 1074 3821 presentes
1096 3750 1202 3821 pariter
1214 3755 1244 3806 et
1257 3749 1346 3807 futuri
1358 3754 1435 3823 quod

307 3841 456 3909 telinense,
471 3840 545 3895 fliius
561 3839 693 3894 {teudrici
717 3838 751 3892 aie
767 3838 957 3911 eampiniaco,
972 3840 1001 3894 in
1016 3845 1114 3894 nostra
1133 3840 1302 3896 constitutus
1318 3858 1433 3912 presen-

309 3933 351 4002 tia,
368 3932 476 4002 pignori
501 3930 633 4000 obligarit
648 3947 698 4002 pro
716 3935 822 4000 septem
838 3928 916 3984 libris
933 3934 960 3985 ct
974 3935 1095 4000 quatuor
1114 3928 1221 3986 solidos
1237 3931 1436 4002 parisiensium

307 4023 437 4092 magistro
464 4020 626 4083 Hamerico.
649 4020 796 4092 capsitano
811 4023 917 4084 nestro,
941 4023 1027 4074 totam
1042 4018 1183 4076 decimam
1209 4037 1295 4093 quam
1315 4022 1436 4081 habebat

306 4110 377 4181 apud
395 4111 531 4165 Sanctum
546 4109 671 4179 spitum,
697 4125 752 4182 que
774 4112 867 4163 meret
891 4107 925 4164 de
941 4106 1023 4164 tendo
1047 4109 1201 4181 capelianie
1223 4115 1329 4176 nostre,
1356 4113 1434 4170 salvo

307 4197 421 4251 servicio
434 4213 486 4251 suo
501 4196 576 4267 quod
592 4197 683 4251 dictus
696 4197 840 4251 lohannes
856 4195 948 4251 eidem
963 4195 1070 4251 ratione
1085 4196 1158 4250 feodi
1174 4196 1302 4267 debebat,
1316 4199 1383 4270 quia
1399 4199 1434 4256 ad

307 4301 370 4339 eum
386 4285 494 4339 decima
519 4285 668 4341 devenerat
683 4289 847 4340 memorata.
871 4284 952 4348 Quod
976 4289 1007 4338 ut
1022 4288 1113 4338 ratum
1137 4290 1310 4355 permoneat,
1326 4304 1378 4343 nos
1397 4289 1433 4344 ad

307 4375 472 4445 peticionem
486 4373 622 4430 dictorum
637 4373 761 4445 magistri
778 4373 917 4428 llamerici
930 4377 958 4429 et
973 4373 1113 4429 iohannis
1129 4379 1288 4446 presentem
1302 4378 1432 4451 pagiuam

306 4464 423 4519 fecimus
437 4465 563 4519 annotari
576 4471 603 4520 et
617 4465 700 4535 sigilii
711 4464 799 4519 nostri
815 4464 970 4519 munimine
982 4464 1121 4521 roborari.
1137 4466 1238 4522 Actum
1253 4483 1326 4523 anno
1341 4469 1432 4526 incer·

307 4554 426 4610 nationis
441 4553 585 4610 Dominioe
604 4555 753 4610 mitissimo
768 4553 960 4609 ducentesimo
975 4559 1082 4611 octaro.
1101 4572 1114 4608 r
1133 4587 1167 4597 -
1181 4555 1257 4628 Orig.
1282 4557 1366 4614 Aren.
1388 4560 1426 4616 dn

308 4644 411 4716 Loiret,
432 4644 465 4701 G.
482 4628 544 4701 sto.
