3420 5490
765 1567 851 1629 Mars
868 1565 947 1629 llll

293 1833 378 1889 Leuis
408 1835 605 1905 d’hugerrille,
636 1835 784 1901 chevalier,
818 1836 913 1891 donne
946 1853 981 1891 en
1014 1838 1181 1894 mainmerte
1225 1855 1261 1894 nn
1293 1838 1419 1911 chapitrs

327 1932 469 2002 tlsrpents
481 1931 516 1985 de
531 1935 605 1986 terre
624 1937 654 1988 et
672 1932 744 1987 deun
759 1932 849 1999 hbtss,
866 1949 902 1988 en
913 1932 941 1987 la
955 1932 1079 2005 paroisse
1092 1933 1243 2006 d’Aulnsy,
1259 1936 1307 2006 qul
1324 1935 1418 1992 iurent

330 2028 452 2096 uagubre
464 2042 499 2081 ou
515 2027 687 2098 scus-dopen
701 2028 805 2099 Payen.

571 2173 658 2244 (Orig.
675 2189 697 2227 s.
712 2174 808 2245 perch.
824 2173 908 2229 Arcb.
924 2173 962 2230 du
976 2174 1078 2244 Loiret,
1094 2175 1140 2247 G.)

336 2413 499 2482 lluiuersis
531 2423 695 2503 presentes
738 2409 859 2482 litteras
896 2412 1104 2503 inspecturis,
1149 2411 1331 2485 Luduuieus
1375 2417 1415 2486 de

292 2523 493 2615 lugieruille,
524 2523 628 2607 miles,
651 2523 682 2594 in
703 2526 843 2596 Domino
863 2527 1012 2596 salutem.
1038 2529 1153 2595 Notum
1186 2525 1322 2597 tacimus
1352 2539 1416 2598 tarn

291 2639 494 2728 presentibus
513 2661 609 2727 quarn
629 2636 743 2706 tuturis
767 2638 853 2727 quotl
882 2660 955 2719 nus,
985 2639 1025 2708 de
1051 2659 1188 2707 assensu
1202 2650 1235 2709 et
1254 2641 1417 2711 uoluntate

291 2750 395 2821 uxoris
415 2763 524 2821 nostre
544 2749 649 2834 bucie,
672 2771 787 2819 nouem
807 2763 938 2839 arpenta
950 2763 1033 2820 terre
1045 2748 1173 2820 arabilis
1189 2773 1263 2820 cum
1281 2752 1410 2821 duobus

290 2862 482 2953 hospitibus,
515 2860 574 2932 sita
603 2862 634 2930 in
664 2859 829 2952 parrochia
865 2863 907 2932 de
944 2863 1068 2945 bluetu,
1102 2864 1142 2933 de
1174 2864 1267 2934 leudo
1302 2875 1414 2935 nostro

289 2975 466 3061 murenula,
507 2998 568 3065 que
589 2973 691 3045 tenuit
711 2977 856 3064 Paganus
875 2976 1012 3045 condam
1034 2973 1272 3046 Aurelianensis
1293 2977 1416 3047 subde-

288 3114 401 3174 canus,
439 3102 470 3161 et
503 3112 566 3179 que
599 3087 773 3180 capitulum
803 3087 1032 3161 Aurelianense
1071 3088 1268 3182 possidebat,
1308 3088 1415 3162 eidem

289 3204 427 3297 capitulo
458 3202 490 3274 in
518 3226 613 3273 uranu
640 3216 763 3274 rnortua
790 3201 821 3271 iu
856 3214 1045 3295 perpetuum
1066 3202 1290 3276 concessimus
1310 3203 1415 3296 pussi-

288 3321 404 3391 denda.
437 3320 529 3406 Quod
561 3330 594 3388 ut
623 3331 724 3389 raturn
750 3319 805 3401 sit,
835 3331 1003 3410 presentes
1034 3318 1157 3390 litteras
1188 3316 1283 3409 sigilli
1311 3318 1413 3390 nostri

288 3431 473 3504 testimonio
504 3431 660 3503 roboravi.
698 3437 808 3504 letum
841 3455 926 3505 annu
955 3431 1083 3505 Domini
1127 3434 1257 3504 uccxt
1295 3432 1413 3525 primo,

289 3572 399 3621 mense
419 3547 550 3621 ruareio.
