<?xml version="1.0" encoding="UTF-8"?>
<!DOCTYPE html PUBLIC "-//W3C//DTD XHTML 1.0 Transitional//EN"
    "http://www.w3.org/TR/xhtml1/DTD/xhtml1-transitional.dtd">
<html xmlns="http://www.w3.org/1999/xhtml" xml:lang="en" lang="en">
 <head>
  <title>
</title>
<meta http-equiv="Content-Type" content="text/html;charset=utf-8" />
  <meta name='ocr-system' content='tesseract 3.04.00' />
  <meta name='ocr-capabilities' content='ocr_page ocr_carea ocr_par ocr_line ocrx_word'/>
</head>
<body>
  <div class='ocr_page' id='page_1' title='image "./cartulairedesai00jarrgoog_0549.png"; bbox 0 0 3420 5490; ppageno 0'>
   <div class='ocr_carea' id='block_1_1' title="bbox 792 1095 913 1157">
    <p class='ocr_par' dir='ltr' id='par_1_1' title="bbox 792 1095 913 1157">
     <span class='ocr_line' id='line_1_1' title="bbox 792 1095 913 1157; baseline -0.025 -1"><span class='ocrx_word' id='word_1_1' title='bbox 792 1095 913 1157; x_wconf 83' lang='lat' dir='ltr'>CCCXV</span> 
     </span>
    </p>
   </div>
   <div class='ocr_carea' id='block_1_2' title="bbox 671 1374 1051 1441">
    <p class='ocr_par' dir='ltr' id='par_1_2' title="bbox 671 1374 1051 1441">
     <span class='ocr_line' id='line_1_2' title="bbox 671 1374 1051 1441; baseline 0 -2"><span class='ocrx_word' id='word_1_2' title='bbox 671 1377 767 1441; x_wconf 87' lang='lat' dir='ltr'>teudi</span> <span class='ocrx_word' id='word_1_3' title='bbox 782 1375 821 1439; x_wconf 59' lang='grc' dir='ltr'><strong><em>Ὢ</em></strong></span> <span class='ocrx_word' id='word_1_4' title='bbox 837 1374 956 1440; x_wconf 82' lang='lat' dir='ltr'>se&#39;vricr</span> <span class='ocrx_word' id='word_1_5' title='bbox 973 1375 1051 1440; x_wconf 68' lang='lat' dir='ltr'>tuoe</span> 
     </span>
    </p>
   </div>
   <div class='ocr_carea' id='block_1_3' title="bbox 291 1608 1421 1876">
    <p class='ocr_par' dir='ltr' id='par_1_3' title="bbox 291 1608 1421 1876">
     <span class='ocr_line' id='line_1_3' title="bbox 291 1608 1420 1688; baseline -0.007 -14"><span class='ocrx_word' id='word_1_6' title='bbox 291 1616 467 1688; x_wconf 86' lang='lat' dir='ltr'>Compromis</span> <span class='ocrx_word' id='word_1_7' title='bbox 482 1615 520 1670; x_wconf 91' lang='lat' dir='ltr'>dn</span> <span class='ocrx_word' id='word_1_8' title='bbox 535 1617 627 1669; x_wconf 84' lang='lat' dir='ltr'>comte</span> <span class='ocrx_word' id='word_1_9' title='bbox 646 1613 682 1667; x_wconf 89' lang='lat' dir='ltr'>dc</span> <span class='ocrx_word' id='word_1_10' title='bbox 695 1612 769 1669; x_wconf 82' lang='lat' dir='ltr'>Blois</span> <span class='ocrx_word' id='word_1_11' title='bbox 784 1617 809 1668; x_wconf 90' lang='lat' dir='ltr'>ct</span> <span class='ocrx_word' id='word_1_12' title='bbox 834 1610 873 1667; x_wconf 89' lang='lat' dir='ltr'>du</span> <span class='ocrx_word' id='word_1_13' title='bbox 888 1610 1025 1681; x_wconf 82' lang='lat' dir='ltr'>chapitre,</span> <span class='ocrx_word' id='word_1_14' title='bbox 1041 1608 1237 1666; x_wconf 85' lang='lat' dir='ltr'>relatirement</span> <span class='ocrx_word' id='word_1_15' title='bbox 1251 1626 1305 1666; x_wconf 83' lang='lat' dir='ltr'>nux</span> <span class='ocrx_word' id='word_1_16' title='bbox 1327 1610 1420 1683; x_wconf 83' lang='lat' dir='ltr'>points</span> 
     </span>
     <span class='ocr_line' id='line_1_4' title="bbox 324 1704 1421 1783; baseline -0.005 -15"><span class='ocrx_word' id='word_1_17' title='bbox 324 1713 446 1783; x_wconf 81' lang='lat' dir='ltr'>iitigieux</span> <span class='ocrx_word' id='word_1_18' title='bbox 462 1712 509 1782; x_wconf 82' lang='lat' dir='ltr'>qui</span> <span class='ocrx_word' id='word_1_19' title='bbox 524 1709 689 1765; x_wconf 82' lang='lat' dir='ltr'>lesdivisent</span> <span class='ocrx_word' id='word_1_20' title='bbox 703 1726 708 1763; x_wconf 91' lang='lat'>:</span> <span class='ocrx_word' id='word_1_21' title='bbox 722 1708 824 1778; x_wconf 85' lang='lat' dir='ltr'>justice</span> <span class='ocrx_word' id='word_1_22' title='bbox 839 1708 855 1761; x_wconf 76' lang='lat' dir='ltr'>a</span> <span class='ocrx_word' id='word_1_23' title='bbox 878 1704 1156 1774; x_wconf 84' lang='lat' dir='ltr'>Nonan-strr·Loire;</span> <span class='ocrx_word' id='word_1_24' title='bbox 1177 1705 1252 1762; x_wconf 81' lang='lat' dir='ltr'><strong>droit</strong></span> <span class='ocrx_word' id='word_1_25' title='bbox 1267 1705 1302 1762; x_wconf 81' lang='lat' dir='ltr'>de</span> <span class='ocrx_word' id='word_1_26' title='bbox 1320 1705 1421 1762; x_wconf 86' lang='lat' dir='ltr'>tutebo</span> 
     </span>
     <span class='ocr_line' id='line_1_5' title="bbox 324 1802 1418 1876; baseline -0.003 -15"><span class='ocrx_word' id='word_1_27' title='bbox 324 1826 372 1863; x_wconf 82' lang='lat' dir='ltr'>sur</span> <span class='ocrx_word' id='word_1_28' title='bbox 388 1810 428 1864; x_wconf 85' lang='lat' dir='ltr'>les</span> <span class='ocrx_word' id='word_1_29' title='bbox 442 1808 523 1863; x_wconf 80' lang='lat' dir='ltr'>botes</span> <span class='ocrx_word' id='word_1_30' title='bbox 539 1808 572 1860; x_wconf 88' lang='lat' dir='ltr'>de</span> <span class='ocrx_word' id='word_1_31' title='bbox 588 1805 827 1861; x_wconf 81' lang='lat' dir='ltr'>Sainte-Croixen</span> <span class='ocrx_word' id='word_1_32' title='bbox 844 1804 971 1874; x_wconf 88' lang='lat' dir='ltr'>Beauce;</span> <span class='ocrx_word' id='word_1_33' title='bbox 986 1803 1066 1859; x_wconf 85' lang='lat' dir='ltr'>nebat</span> <span class='ocrx_word' id='word_1_34' title='bbox 1082 1803 1218 1860; x_wconf 82' lang='lat' dir='ltr'>deterres</span> <span class='ocrx_word' id='word_1_35' title='bbox 1233 1802 1418 1876; x_wconf 74' lang='lat' dir='ltr'>dvibequ05;</span> 
     </span>
    </p>
   </div>
   <div class='ocr_carea' id='block_1_4' title="bbox 324 1903 1185 2120">
    <p class='ocr_par' dir='ltr' id='par_1_4' title="bbox 324 1903 1185 2120">
     <span class='ocr_line' id='line_1_6' title="bbox 324 1903 604 1960; baseline -0.011 -1"><span class='ocrx_word' id='word_1_36' title='bbox 324 1905 386 1959; x_wconf 91' lang='lat' dir='ltr'>bois</span> <span class='ocrx_word' id='word_1_37' title='bbox 401 1907 418 1959; x_wconf 82' lang='lat' dir='ltr'>d</span> <span class='ocrx_word' id='word_1_38' title='bbox 432 1903 604 1960; x_wconf 84' lang='lat' dir='ltr'>Cherrelies.</span> 
     </span>
     <span class='ocr_line' id='line_1_7' title="bbox 520 2045 1185 2120; baseline -0.005 -16"><span class='ocrx_word' id='word_1_39' title='bbox 520 2049 609 2119; x_wconf 78' lang='lat' dir='ltr'>(Orig.</span> <span class='ocrx_word' id='word_1_40' title='bbox 625 2066 648 2104; x_wconf 89' lang='lat' dir='ltr'>s.</span> <span class='ocrx_word' id='word_1_41' title='bbox 664 2047 761 2120; x_wconf 83' lang='lat' dir='ltr'>parcit.</span> <span class='ocrx_word' id='word_1_42' title='bbox 779 2047 863 2103; x_wconf 81' lang='lat' dir='ltr'>brcb.</span> <span class='ocrx_word' id='word_1_43' title='bbox 880 2046 919 2103; x_wconf 88' lang='lat' dir='ltr'>du</span> <span class='ocrx_word' id='word_1_44' title='bbox 936 2045 1041 2118; x_wconf 68' lang='lat' dir='ltr'>eoiret,</span> <span class='ocrx_word' id='word_1_45' title='bbox 1060 2046 1094 2102; x_wconf 73' lang='lat' dir='ltr'>(d.</span> <span class='ocrx_word' id='word_1_46' title='bbox 1108 2045 1185 2114; x_wconf 79' lang='lat'><strong>356)</strong></span> 
     </span>
    </p>
   </div>
   <div class='ocr_carea' id='block_1_5' title="bbox 288 2264 1423 4530">
    <p class='ocr_par' dir='ltr' id='par_1_5' title="bbox 288 2264 1423 4530">
     <span class='ocr_line' id='line_1_8' title="bbox 336 2264 1417 2359; baseline 0.003 -20"><span class='ocrx_word' id='word_1_47' title='bbox 336 2269 494 2339; x_wconf 82' lang='lat' dir='ltr'>(tmnibus</span> <span class='ocrx_word' id='word_1_48' title='bbox 522 2279 689 2359; x_wconf 77' lang='lat' dir='ltr'><strong>presentes</strong></span> <span class='ocrx_word' id='word_1_49' title='bbox 715 2264 837 2337; x_wconf 76' lang='lat' dir='ltr'>litteras</span> <span class='ocrx_word' id='word_1_50' title='bbox 868 2264 1063 2356; x_wconf 89' lang='lat' dir='ltr'>inspecturis</span> <span class='ocrx_word' id='word_1_51' title='bbox 1080 2269 1245 2339; x_wconf 76' lang='lat' dir='ltr'>lebannes</span> <span class='ocrx_word' id='word_1_52' title='bbox 1270 2270 1310 2341; x_wconf 89' lang='lat' dir='ltr'>do</span> <span class='ocrx_word' id='word_1_53' title='bbox 1341 2273 1417 2342; x_wconf 86' lang='lat' dir='ltr'>Cas-</span> 
     </span>
     <span class='ocr_line' id='line_1_9' title="bbox 292 2377 1414 2466; baseline 0.002 -13"><span class='ocrx_word' id='word_1_54' title='bbox 292 2382 434 2466; x_wconf 69' lang='lat' dir='ltr'>tertione,</span> <span class='ocrx_word' id='word_1_55' title='bbox 457 2405 567 2452; x_wconf 89' lang='lat' dir='ltr'>comes</span> <span class='ocrx_word' id='word_1_56' title='bbox 588 2379 750 2452; x_wconf 79' lang='lat' dir='ltr'>diesensis</span> <span class='ocrx_word' id='word_1_57' title='bbox 773 2393 805 2450; x_wconf 89' lang='lat' dir='ltr'>et</span> <span class='ocrx_word' id='word_1_58' title='bbox 830 2377 981 2451; x_wconf 77' lang='lat' dir='ltr'>domitans</span> <span class='ocrx_word' id='word_1_59' title='bbox 1001 2384 1191 2464; x_wconf 84' lang='lat' dir='ltr'>brenarnm,</span> <span class='ocrx_word' id='word_1_60' title='bbox 1217 2385 1354 2456; x_wconf 76' lang='lat' dir='ltr'>satutem</span> <span class='ocrx_word' id='word_1_61' title='bbox 1383 2382 1414 2455; x_wconf 93' lang='lat' dir='ltr'>in</span> 
     </span>
     <span class='ocr_line' id='line_1_10' title="bbox 292 2493 1423 2588; baseline 0.003 -20"><span class='ocrx_word' id='word_1_62' title='bbox 292 2496 438 2568; x_wconf 85' lang='lat' dir='ltr'>bonrum.</span> <span class='ocrx_word' id='word_1_63' title='bbox 463 2494 611 2566; x_wconf 85' lang='lat' dir='ltr'>Noucriut</span> <span class='ocrx_word' id='word_1_64' title='bbox 628 2493 767 2565; x_wconf 81' lang='lat' dir='ltr'>trrrirersi</span> <span class='ocrx_word' id='word_1_65' title='bbox 790 2496 874 2585; x_wconf 83' lang='lat' dir='ltr'>qtrod</span> <span class='ocrx_word' id='word_1_66' title='bbox 892 2519 965 2565; x_wconf 87' lang='lat' dir='ltr'>cunr</span> <span class='ocrx_word' id='word_1_67' title='bbox 986 2494 1070 2565; x_wconf 89' lang='lat' dir='ltr'>inter</span> <span class='ocrx_word' id='word_1_68' title='bbox 1087 2518 1159 2577; x_wconf 89' lang='lat' dir='ltr'>uos,</span> <span class='ocrx_word' id='word_1_69' title='bbox 1180 2520 1217 2568; x_wconf 82' lang='lat' dir='ltr'>es</span> <span class='ocrx_word' id='word_1_70' title='bbox 1235 2520 1297 2569; x_wconf 86' lang='lat' dir='ltr'>una</span> <span class='ocrx_word' id='word_1_71' title='bbox 1312 2511 1423 2588; x_wconf 60' lang='lat' dir='ltr'>parto·</span> 
     </span>
     <span class='ocr_line' id='line_1_11' title="bbox 289 2608 1414 2700; baseline 0 -18"><span class='ocrx_word' id='word_1_72' title='bbox 289 2626 321 2682; x_wconf 88' lang='lat' dir='ltr'>et</span> <span class='ocrx_word' id='word_1_73' title='bbox 337 2609 536 2683; x_wconf 82' lang='lat' dir='ltr'>uerrerabdos</span> <span class='ocrx_word' id='word_1_74' title='bbox 559 2609 641 2680; x_wconf 83' lang='lat' dir='ltr'>uiros</span> <span class='ocrx_word' id='word_1_75' title='bbox 669 2611 827 2680; x_wconf 91' lang='lat' dir='ltr'>decanum</span> <span class='ocrx_word' id='word_1_76' title='bbox 842 2622 874 2679; x_wconf 89' lang='lat' dir='ltr'>et</span> <span class='ocrx_word' id='word_1_77' title='bbox 894 2610 1070 2700; x_wconf 84' lang='lat' dir='ltr'>capitulum</span> <span class='ocrx_word' id='word_1_78' title='bbox 1092 2608 1353 2698; x_wconf 73' lang='lat' dir='ltr'>medianenses,</span> <span class='ocrx_word' id='word_1_79' title='bbox 1377 2636 1414 2683; x_wconf 83' lang='lat' dir='ltr'>cr</span> 
     </span>
     <span class='ocr_line' id='line_1_12' title="bbox 288 2722 1414 2817; baseline 0 -20"><span class='ocrx_word' id='word_1_80' title='bbox 288 2731 397 2804; x_wconf 81' lang='lat' dir='ltr'>attera,</span> <span class='ocrx_word' id='word_1_81' title='bbox 417 2723 634 2795; x_wconf 80' lang='lat' dir='ltr'>controuersia</span> <span class='ocrx_word' id='word_1_82' title='bbox 664 2735 839 2794; x_wconf 83' lang='lat' dir='ltr'>uerteretur</span> <span class='ocrx_word' id='word_1_83' title='bbox 867 2746 965 2814; x_wconf 87' lang='lat' dir='ltr'>super</span> <span class='ocrx_word' id='word_1_84' title='bbox 992 2726 1053 2794; x_wconf 82' lang='lat' dir='ltr'>broc</span> <span class='ocrx_word' id='word_1_85' title='bbox 1074 2722 1220 2796; x_wconf 87' lang='lat' dir='ltr'>videbcet</span> <span class='ocrx_word' id='word_1_86' title='bbox 1247 2729 1333 2817; x_wconf 85' lang='lat' dir='ltr'>qnod</span> <span class='ocrx_word' id='word_1_87' title='bbox 1355 2750 1414 2798; x_wconf 87' lang='lat' dir='ltr'>nos</span> 
     </span>
     <span class='ocr_line' id='line_1_13' title="bbox 290 2836 1417 2930; baseline 0 -20"><span class='ocrx_word' id='word_1_88' title='bbox 290 2840 474 2911; x_wconf 74' lang='lat' dir='ltr'>dicebamus</span> <span class='ocrx_word' id='word_1_89' title='bbox 501 2863 560 2908; x_wconf 93' lang='lat' dir='ltr'>nos</span> <span class='ocrx_word' id='word_1_90' title='bbox 572 2836 686 2908; x_wconf 89' lang='lat' dir='ltr'>esscin</span> <span class='ocrx_word' id='word_1_91' title='bbox 705 2837 911 2928; x_wconf 81' lang='lat' dir='ltr'>possessione</span> <span class='ocrx_word' id='word_1_92' title='bbox 927 2851 958 2907; x_wconf 87' lang='lat' dir='ltr'>et</span> <span class='ocrx_word' id='word_1_93' title='bbox 979 2837 1098 2907; x_wconf 81' lang='lat' dir='ltr'>saisina</span> <span class='ocrx_word' id='word_1_94' title='bbox 1117 2837 1284 2930; x_wconf 83' lang='lat' dir='ltr'>sanguinis</span> <span class='ocrx_word' id='word_1_95' title='bbox 1301 2854 1333 2910; x_wconf 92' lang='lat' dir='ltr'>et</span> <span class='ocrx_word' id='word_1_96' title='bbox 1352 2839 1417 2911; x_wconf 89' lang='lat' dir='ltr'>rio·</span> 
     </span>
     <span class='ocr_line' id='line_1_14' title="bbox 290 2950 1413 3042; baseline 0 -17"><span class='ocrx_word' id='word_1_97' title='bbox 290 2954 385 3025; x_wconf 77' lang='lat' dir='ltr'>lentie</span> <span class='ocrx_word' id='word_1_98' title='bbox 407 2953 436 3021; x_wconf 86' lang='lat' dir='ltr'>in</span> <span class='ocrx_word' id='word_1_99' title='bbox 463 2953 532 3022; x_wconf 79' lang='lat' dir='ltr'>niba</span> <span class='ocrx_word' id='word_1_100' title='bbox 555 2955 595 3022; x_wconf 91' lang='lat' dir='ltr'>de</span> <span class='ocrx_word' id='word_1_101' title='bbox 615 2951 746 3022; x_wconf 78' lang='lat' dir='ltr'>Noomin</span> <span class='ocrx_word' id='word_1_102' title='bbox 765 2974 862 3040; x_wconf 92' lang='lat' dir='ltr'>snper</span> <span class='ocrx_word' id='word_1_103' title='bbox 886 2950 1035 3040; x_wconf 78' lang='lat' dir='ltr'>ligerim,</span> <span class='ocrx_word' id='word_1_104' title='bbox 1058 2951 1211 3042; x_wconf 77' lang='lat' dir='ltr'>predictis</span> <span class='ocrx_word' id='word_1_105' title='bbox 1226 2954 1350 3026; x_wconf 86' lang='lat' dir='ltr'>decano</span> <span class='ocrx_word' id='word_1_106' title='bbox 1381 2969 1413 3027; x_wconf 84' lang='lat' dir='ltr'>et</span> 
     </span>
     <span class='ocr_line' id='line_1_15' title="bbox 289 3064 1414 3162; baseline -0.001 -21"><span class='ocrx_word' id='word_1_107' title='bbox 289 3070 427 3162; x_wconf 81' lang='lat' dir='ltr'>capituto</span> <span class='ocrx_word' id='word_1_108' title='bbox 443 3071 503 3138; x_wconf 91' lang='lat' dir='ltr'>boe</span> <span class='ocrx_word' id='word_1_109' title='bbox 524 3065 715 3156; x_wconf 75' lang='lat' dir='ltr'>negantibus</span> <span class='ocrx_word' id='word_1_110' title='bbox 735 3079 766 3135; x_wconf 87' lang='lat' dir='ltr'>et</span> <span class='ocrx_word' id='word_1_111' title='bbox 784 3064 965 3137; x_wconf 85' lang='lat' dir='ltr'>dicentibus</span> <span class='ocrx_word' id='word_1_112' title='bbox 985 3065 1090 3137; x_wconf 85' lang='lat' dir='ltr'>dictos</span> <span class='ocrx_word' id='word_1_113' title='bbox 1103 3068 1261 3139; x_wconf 76' lang='lat' dir='ltr'>riccanmn</span> <span class='ocrx_word' id='word_1_114' title='bbox 1278 3083 1310 3140; x_wconf 89' lang='lat' dir='ltr'>et</span> <span class='ocrx_word' id='word_1_115' title='bbox 1327 3068 1414 3161; x_wconf 91' lang='lat' dir='ltr'>eapi-</span> 
     </span>
     <span class='ocr_line' id='line_1_16' title="bbox 291 3180 1414 3275; baseline 0.001 -21"><span class='ocrx_word' id='word_1_116' title='bbox 291 3189 389 3255; x_wconf 90' lang='lat' dir='ltr'>tnbrm</span> <span class='ocrx_word' id='word_1_117' title='bbox 412 3207 484 3254; x_wconf 85' lang='lat' dir='ltr'>esse</span> <span class='ocrx_word' id='word_1_118' title='bbox 504 3198 534 3253; x_wconf 87' lang='lat' dir='ltr'>et</span> <span class='ocrx_word' id='word_1_119' title='bbox 556 3206 633 3252; x_wconf 91' lang='lat' dir='ltr'>usos</span> <span class='ocrx_word' id='word_1_120' title='bbox 654 3180 752 3251; x_wconf 79' lang='lat' dir='ltr'>inisse</span> <span class='ocrx_word' id='word_1_121' title='bbox 774 3183 981 3272; x_wconf 77' lang='lat' dir='ltr'>possessione</span> <span class='ocrx_word' id='word_1_122' title='bbox 1000 3195 1031 3251; x_wconf 94' lang='lat' dir='ltr'>et</span> <span class='ocrx_word' id='word_1_123' title='bbox 1048 3181 1166 3253; x_wconf 88' lang='lat' dir='ltr'>saisina</span> <span class='ocrx_word' id='word_1_124' title='bbox 1188 3182 1330 3274; x_wconf 85' lang='lat' dir='ltr'>predicte</span> <span class='ocrx_word' id='word_1_125' title='bbox 1344 3186 1414 3275; x_wconf 83' lang='lat' dir='ltr'>jus·</span> 
     </span>
     <span class='ocr_line' id='line_1_17' title="bbox 292 3295 1414 3389; baseline 0 -18"><span class='ocrx_word' id='word_1_126' title='bbox 292 3301 364 3372; x_wconf 86' lang='lat' dir='ltr'>tirie</span> <span class='ocrx_word' id='word_1_127' title='bbox 384 3298 551 3389; x_wconf 77' lang='lat' dir='ltr'>sanguinis</span> <span class='ocrx_word' id='word_1_128' title='bbox 571 3310 602 3368; x_wconf 89' lang='lat' dir='ltr'>et</span> <span class='ocrx_word' id='word_1_129' title='bbox 624 3296 796 3381; x_wconf 81' lang='lat' dir='ltr'>riolerrtie3</span> <span class='ocrx_word' id='word_1_130' title='bbox 818 3295 893 3367; x_wconf 90' lang='lat' dir='ltr'>item</span> <span class='ocrx_word' id='word_1_131' title='bbox 923 3311 955 3367; x_wconf 88' lang='lat' dir='ltr'>et</span> <span class='ocrx_word' id='word_1_132' title='bbox 984 3321 1057 3367; x_wconf 90' lang='lat' dir='ltr'>eum</span> <span class='ocrx_word' id='word_1_133' title='bbox 1076 3296 1202 3389; x_wconf 77' lang='lat' dir='ltr'>questio</span> <span class='ocrx_word' id='word_1_134' title='bbox 1228 3311 1316 3372; x_wconf 86' lang='lat' dir='ltr'>esset</span> <span class='ocrx_word' id='word_1_135' title='bbox 1331 3300 1414 3372; x_wconf 89' lang='lat' dir='ltr'>inter</span> 
     </span>
     <span class='ocr_line' id='line_1_18' title="bbox 290 3413 1416 3504; baseline 0 -18"><span class='ocrx_word' id='word_1_136' title='bbox 290 3441 348 3486; x_wconf 85' lang='lat' dir='ltr'>rros</span> <span class='ocrx_word' id='word_1_137' title='bbox 363 3429 394 3484; x_wconf 85' lang='lat' dir='ltr'>ct</span> <span class='ocrx_word' id='word_1_138' title='bbox 414 3415 517 3485; x_wconf 85' lang='lat' dir='ltr'>dictos</span> <span class='ocrx_word' id='word_1_139' title='bbox 538 3417 694 3483; x_wconf 89' lang='lat' dir='ltr'>decanum</span> <span class='ocrx_word' id='word_1_140' title='bbox 714 3426 746 3482; x_wconf 86' lang='lat' dir='ltr'>et</span> <span class='ocrx_word' id='word_1_141' title='bbox 763 3413 938 3502; x_wconf 81' lang='lat' dir='ltr'>capitulum</span> <span class='ocrx_word' id='word_1_142' title='bbox 957 3434 1054 3502; x_wconf 89' lang='lat' dir='ltr'>super</span> <span class='ocrx_word' id='word_1_143' title='bbox 1070 3415 1131 3482; x_wconf 93' lang='lat' dir='ltr'>boc</span> <span class='ocrx_word' id='word_1_144' title='bbox 1147 3414 1232 3504; x_wconf 80' lang='lat' dir='ltr'>quod</span> <span class='ocrx_word' id='word_1_145' title='bbox 1249 3436 1309 3484; x_wconf 87' lang='lat' dir='ltr'>nos</span> <span class='ocrx_word' id='word_1_146' title='bbox 1325 3415 1416 3487; x_wconf 88' lang='lat' dir='ltr'>dioe-</span> 
     </span>
     <span class='ocr_line' id='line_1_19' title="bbox 291 3525 1410 3617; baseline 0.001 -17"><span class='ocrx_word' id='word_1_147' title='bbox 291 3535 404 3601; x_wconf 87' lang='lat' dir='ltr'>bamus</span> <span class='ocrx_word' id='word_1_148' title='bbox 419 3543 451 3599; x_wconf 92' lang='lat' dir='ltr'>et</span> <span class='ocrx_word' id='word_1_149' title='bbox 470 3531 574 3598; x_wconf 90' lang='lat' dir='ltr'>adbuc</span> <span class='ocrx_word' id='word_1_150' title='bbox 591 3528 730 3598; x_wconf 85' lang='lat' dir='ltr'>dicimus</span> <span class='ocrx_word' id='word_1_151' title='bbox 746 3551 805 3598; x_wconf 90' lang='lat' dir='ltr'>nos</span> <span class='ocrx_word' id='word_1_152' title='bbox 825 3550 899 3598; x_wconf 90' lang='lat' dir='ltr'>esse</span> <span class='ocrx_word' id='word_1_153' title='bbox 919 3525 950 3595; x_wconf 91' lang='lat' dir='ltr'>in</span> <span class='ocrx_word' id='word_1_154' title='bbox 984 3525 1192 3617; x_wconf 86' lang='lat' dir='ltr'>possessione</span> <span class='ocrx_word' id='word_1_155' title='bbox 1217 3530 1265 3599; x_wconf 80' lang='lat' dir='ltr'>reb</span> <span class='ocrx_word' id='word_1_156' title='bbox 1290 3527 1410 3601; x_wconf 84' lang='lat' dir='ltr'>saisina</span> 
     </span>
     <span class='ocr_line' id='line_1_20' title="bbox 291 3639 1413 3732; baseline 0 -16"><span class='ocrx_word' id='word_1_157' title='bbox 291 3646 427 3716; x_wconf 85' lang='lat' dir='ltr'>babendi</span> <span class='ocrx_word' id='word_1_158' title='bbox 449 3657 685 3713; x_wconf 86' lang='lat' dir='ltr'>tensamentum</span> <span class='ocrx_word' id='word_1_159' title='bbox 703 3645 710 3678; x_wconf 89' lang='lat'>¹</span> <span class='ocrx_word' id='word_1_160' title='bbox 727 3666 823 3732; x_wconf 88' lang='lat' dir='ltr'>snper</span> <span class='ocrx_word' id='word_1_161' title='bbox 852 3639 1035 3732; x_wconf 76' lang='lat' dir='ltr'>hospitibus</span> <span class='ocrx_word' id='word_1_162' title='bbox 1061 3640 1280 3713; x_wconf 81' lang='lat' dir='ltr'>excolentibus</span> <span class='ocrx_word' id='word_1_163' title='bbox 1296 3655 1413 3716; x_wconf 86' lang='lat' dir='ltr'>terrant</span> 
     </span>
     <span class='ocr_line' id='line_1_21' title="bbox 290 3755 1413 3846; baseline 0.002 -19"><span class='ocrx_word' id='word_1_164' title='bbox 290 3760 321 3828; x_wconf 93' lang='lat' dir='ltr'>in</span> <span class='ocrx_word' id='word_1_165' title='bbox 339 3758 496 3828; x_wconf 83' lang='lat' dir='ltr'>territorio</span> <span class='ocrx_word' id='word_1_166' title='bbox 517 3763 633 3827; x_wconf 86' lang='lat' dir='ltr'>Sancte</span> <span class='ocrx_word' id='word_1_167' title='bbox 649 3756 760 3826; x_wconf 79' lang='lat' dir='ltr'>Crucis</span> <span class='ocrx_word' id='word_1_168' title='bbox 780 3756 812 3825; x_wconf 92' lang='lat' dir='ltr'>in</span> <span class='ocrx_word' id='word_1_169' title='bbox 839 3755 957 3838; x_wconf 77' lang='lat' dir='ltr'>doleia,</span> <span class='ocrx_word' id='word_1_170' title='bbox 977 3756 1159 3846; x_wconf 87' lang='lat' dir='ltr'>cujusmodi</span> <span class='ocrx_word' id='word_1_171' title='bbox 1175 3769 1413 3829; x_wconf 86' lang='lat' dir='ltr'>tensamentum</span> 
     </span>
     <span class='ocr_line' id='line_1_22' title="bbox 291 3871 1411 3962; baseline 0.004 -22"><span class='ocrx_word' id='word_1_172' title='bbox 291 3872 477 3944; x_wconf 79' lang='lat' dir='ltr'>dicebamus</span> <span class='ocrx_word' id='word_1_173' title='bbox 498 3896 557 3942; x_wconf 90' lang='lat' dir='ltr'>nos</span> <span class='ocrx_word' id='word_1_174' title='bbox 582 3872 698 3941; x_wconf 71' lang='lat' dir='ltr'>(lettere</span> <span class='ocrx_word' id='word_1_175' title='bbox 713 3872 818 3942; x_wconf 81' lang='lat' dir='ltr'>letare</span> <span class='ocrx_word' id='word_1_176' title='bbox 841 3884 874 3941; x_wconf 88' lang='lat' dir='ltr'>et</span> <span class='ocrx_word' id='word_1_177' title='bbox 889 3871 1075 3961; x_wconf 82' lang='lat' dir='ltr'>lrabereper</span> <span class='ocrx_word' id='word_1_178' title='bbox 1095 3893 1155 3942; x_wconf 88' lang='lat' dir='ltr'>nos</span> <span class='ocrx_word' id='word_1_179' title='bbox 1175 3872 1222 3942; x_wconf 81' lang='lat' dir='ltr'>ue!</span> <span class='ocrx_word' id='word_1_180' title='bbox 1244 3895 1301 3962; x_wconf 91' lang='lat' dir='ltr'>per</span> <span class='ocrx_word' id='word_1_181' title='bbox 1320 3896 1411 3944; x_wconf 89' lang='lat' dir='ltr'>man·</span> 
     </span>
     <span class='ocr_line' id='line_1_23' title="bbox 291 3981 1415 4075; baseline 0.003 -19"><span class='ocrx_word' id='word_1_182' title='bbox 291 3991 398 4057; x_wconf 87' lang='lat' dir='ltr'>datum</span> <span class='ocrx_word' id='word_1_183' title='bbox 432 4000 590 4068; x_wconf 90' lang='lat' dir='ltr'>nostrum,</span> <span class='ocrx_word' id='word_1_184' title='bbox 625 3984 751 4054; x_wconf 89' lang='lat' dir='ltr'>bcentia</span> <span class='ocrx_word' id='word_1_185' title='bbox 785 3981 860 4054; x_wconf 91' lang='lat' dir='ltr'>dicti</span> <span class='ocrx_word' id='word_1_186' title='bbox 888 3983 1018 4075; x_wconf 80' lang='lat' dir='ltr'>capituti</span> <span class='ocrx_word' id='word_1_187' title='bbox 1053 4006 1151 4075; x_wconf 88' lang='lat' dir='ltr'>snper</span> <span class='ocrx_word' id='word_1_188' title='bbox 1184 3987 1246 4057; x_wconf 91' lang='lat' dir='ltr'>boc</span> <span class='ocrx_word' id='word_1_189' title='bbox 1282 3984 1415 4059; x_wconf 91' lang='lat' dir='ltr'>minime</span> 
     </span>
     <span class='ocr_line' id='line_1_24' title="bbox 291 4097 1415 4190; baseline 0.003 -21"><span class='ocrx_word' id='word_1_190' title='bbox 291 4099 452 4190; x_wconf 78' lang='lat' dir='ltr'>requisita.</span> <span class='ocrx_word' id='word_1_191' title='bbox 469 4097 564 4167; x_wconf 84' lang='lat' dir='ltr'>dictis</span> <span class='ocrx_word' id='word_1_192' title='bbox 578 4101 700 4168; x_wconf 86' lang='lat' dir='ltr'>decano</span> <span class='ocrx_word' id='word_1_193' title='bbox 716 4111 747 4168; x_wconf 89' lang='lat' dir='ltr'>et</span> <span class='ocrx_word' id='word_1_194' title='bbox 760 4099 900 4188; x_wconf 81' lang='lat' dir='ltr'>capitulo</span> <span class='ocrx_word' id='word_1_195' title='bbox 912 4100 1096 4169; x_wconf 87' lang='lat' dir='ltr'>dicentibus</span> <span class='ocrx_word' id='word_1_196' title='bbox 1111 4100 1195 4190; x_wconf 86' lang='lat' dir='ltr'>quod</span> <span class='ocrx_word' id='word_1_197' title='bbox 1209 4098 1331 4170; x_wconf 88' lang='lat' dir='ltr'>dietum</span> <span class='ocrx_word' id='word_1_198' title='bbox 1344 4112 1415 4172; x_wconf 89' lang='lat' dir='ltr'>ten-</span> 
     </span>
     <span class='ocr_line' id='line_1_25' title="bbox 291 4212 1414 4301; baseline 0 -18"><span class='ocrx_word' id='word_1_199' title='bbox 291 4224 471 4283; x_wconf 89' lang='lat' dir='ltr'>samentum</span> <span class='ocrx_word' id='word_1_200' title='bbox 494 4214 596 4281; x_wconf 72' lang='lat' dir='ltr'>derare</span> <span class='ocrx_word' id='word_1_201' title='bbox 624 4234 687 4279; x_wconf 93' lang='lat' dir='ltr'>uon</span> <span class='ocrx_word' id='word_1_202' title='bbox 705 4225 890 4301; x_wconf 79' lang='lat' dir='ltr'>poteramus</span> <span class='ocrx_word' id='word_1_203' title='bbox 909 4233 969 4280; x_wconf 88' lang='lat' dir='ltr'>neo</span> <span class='ocrx_word' id='word_1_204' title='bbox 990 4212 1189 4282; x_wconf 90' lang='lat' dir='ltr'>debebamus</span> <span class='ocrx_word' id='word_1_205' title='bbox 1218 4212 1291 4283; x_wconf 89' lang='lat' dir='ltr'>sine</span> <span class='ocrx_word' id='word_1_206' title='bbox 1322 4236 1414 4283; x_wconf 85' lang='lat' dir='ltr'>man·</span> 
     </span>
     <span class='ocr_line' id='line_1_26' title="bbox 292 4324 1414 4414; baseline 0.004 -22"><span class='ocrx_word' id='word_1_207' title='bbox 292 4329 365 4394; x_wconf 91' lang='lat' dir='ltr'>dato</span> <span class='ocrx_word' id='word_1_208' title='bbox 383 4324 456 4394; x_wconf 88' lang='lat' dir='ltr'>dicti</span> <span class='ocrx_word' id='word_1_209' title='bbox 478 4324 622 4414; x_wconf 82' lang='lat' dir='ltr'>capituti,</span> <span class='ocrx_word' id='word_1_210' title='bbox 642 4338 673 4394; x_wconf 88' lang='lat' dir='ltr'>et</span> <span class='ocrx_word' id='word_1_211' title='bbox 690 4347 787 4413; x_wconf 86' lang='lat' dir='ltr'>super</span> <span class='ocrx_word' id='word_1_212' title='bbox 803 4326 900 4393; x_wconf 92' lang='lat' dir='ltr'>modo</span> <span class='ocrx_word' id='word_1_213' title='bbox 921 4324 1090 4394; x_wconf 82' lang='lat' dir='ltr'>levationis</span> <span class='ocrx_word' id='word_1_214' title='bbox 1120 4324 1197 4395; x_wconf 88' lang='lat' dir='ltr'>dicti</span> <span class='ocrx_word' id='word_1_215' title='bbox 1220 4328 1414 4398; x_wconf 86' lang='lat' dir='ltr'>tensamenti</span> 
     </span>
     <span class='ocr_line' id='line_1_27' title="bbox 291 4435 1413 4530; baseline 0.001 -21"><span class='ocrx_word' id='word_1_216' title='bbox 291 4454 377 4510; x_wconf 86' lang='lat' dir='ltr'>esset</span> <span class='ocrx_word' id='word_1_217' title='bbox 399 4440 544 4528; x_wconf 84' lang='lat' dir='ltr'>irupresta</span> <span class='ocrx_word' id='word_1_218' title='bbox 573 4441 651 4508; x_wconf 81' lang='lat' dir='ltr'>taeta</span> <span class='ocrx_word' id='word_1_219' title='bbox 669 4440 708 4509; x_wconf 89' lang='lat' dir='ltr'>de</span> <span class='ocrx_word' id='word_1_220' title='bbox 726 4439 876 4508; x_wconf 83' lang='lat' dir='ltr'>rrrandato</span> <span class='ocrx_word' id='word_1_221' title='bbox 896 4435 1017 4508; x_wconf 91' lang='lat' dir='ltr'>domiui</span> <span class='ocrx_word' id='word_1_222' title='bbox 1051 4437 1148 4530; x_wconf 81' lang='lat' dir='ltr'>regis.</span> <span class='ocrx_word' id='word_1_223' title='bbox 1176 4441 1253 4510; x_wconf 81' lang='lat' dir='ltr'>item</span> <span class='ocrx_word' id='word_1_224' title='bbox 1280 4453 1312 4512; x_wconf 90' lang='lat' dir='ltr'>et</span> <span class='ocrx_word' id='word_1_225' title='bbox 1339 4463 1413 4512; x_wconf 86' lang='lat' dir='ltr'>etun</span> 
     </span>
    </p>
   </div>
   <div class='ocr_carea' id='block_1_6' title="bbox 290 4669 757 4677">
    <p class='ocr_par' dir='ltr' id='par_1_6' title="bbox 290 4669 757 4677">
     <span class='ocr_line' id='line_1_28' title="bbox 290 4669 757 4677; baseline -0.004 0"><span class='ocrx_word' id='word_1_226' title='bbox 290 4670 375 4677; x_wconf 75' lang='lat'>.——-</span> <span class='ocrx_word' id='word_1_227' title='bbox 634 4669 757 4676; x_wconf 62' lang='lat'>.----—‹</span> 
     </span>
    </p>
   </div>
   <div class='ocr_carea' id='block_1_7' title="bbox 324 4782 1009 4855">
    <p class='ocr_par' dir='ltr' id='par_1_7' title="bbox 324 4782 1009 4855">
     <span class='ocr_line' id='line_1_29' title="bbox 324 4782 1009 4855; baseline -0.001 -16"><span class='ocrx_word' id='word_1_228' title='bbox 324 4786 332 4823; x_wconf 84' lang='lat'><strong>¹</strong></span> <span class='ocrx_word' id='word_1_229' title='bbox 357 4786 579 4841; x_wconf 78' lang='lat' dir='ltr'>Cerucrncutum</span> <span class='ocrx_word' id='word_1_230' title='bbox 593 4785 647 4853; x_wconf 90' lang='lat' dir='ltr'>(cb.</span> <span class='ocrx_word' id='word_1_231' title='bbox 665 4784 790 4841; x_wconf 78' lang='lat' dir='ltr'>cecxttt</span> <span class='ocrx_word' id='word_1_232' title='bbox 805 4787 833 4839; x_wconf 80' lang='lat' dir='ltr'>et</span> <span class='ocrx_word' id='word_1_233' title='bbox 847 4782 1009 4855; x_wconf 79' lang='lat' dir='ltr'>cccxvtt).</span> 
     </span>
    </p>
   </div>
   <div class='ocr_carea' id='block_1_8' title="bbox 0 0 1716 5490">
    <p class='ocr_par' dir='ltr' id='par_1_8' title="bbox 0 0 1716 5490">
     <span class='ocr_line' id='line_1_30' title="bbox 0 0 1716 5490; baseline 0 0"><span class='ocrx_word' id='word_1_234' title='bbox 0 0 1716 5490; x_wconf 95' lang='lat' dir='ltr'> </span> 
     </span>
    </p>
   </div>
  </div>
 </body>
</html>
