3420 5490
656 495 837 557 CCLXXXH

705 789 783 854 teis

188 1018 306 1085 Piirtoge
332 1022 412 1071 entre
436 1015 476 1069 les
500 1013 573 1069 deux
596 1014 758 1084 ehopebdns
792 1011 827 1067 de
867 1012 1231 1071 saiutotturiottsdetsino
1273 1028 1309 1069 en

219 1109 324 1179 t’dgtise
350 1107 498 1163 d'Orleims
525 1107 574 1161 des
598 1122 719 1161 reseniis
744 1106 779 1161 de
806 1105 868 1160 leur
888 1106 1072 1178 ehopeltsnio,
1099 1106 1310 1181 sunigisidus·

215 1201 374 1273 jusque-id.

421 1319 507 1389 (orig.
524 1336 547 1374 ι.
563 1319 658 1392 poreb.
675 1319 760 1374 Areh.
778 1316 816 1374 du
831 1317 936 1388 Loirot,
949 1318 983 1374 G.
997 1316 1074 1387 Μ.)

230 1513 391 1581 Omnibus
415 1523 582 1601 presentes
602 1509 724 1580 litteras
740 1508 934 1600 inspecturis
954 1512 1140 1603 bianassesl
1166 1511 1312 1583 decenus

184 1638 351 1715 totumque
370 1622 791 1715 eopitubimAurelianensis
806 1620 944 1694 ecclesie
953 1627 1088 1694 satutem
1104 1624 1135 1693 iu
1156 1622 1309 1695 Domino.

183 1730 334 1803 Norerint
366 1728 505 1802 universi
530 1733 614 1821 quod
635 1728 802 1823 constituti
827 1752 935 1801 cossio
955 1730 1048 1801 nobis
1072 1734 1156 1802 iioio
1177 1747 1210 1803 et
1237 1730 1312 1804 Vin·

185 1843 324 1925 centius,
341 1843 521 1937 cappellani
542 1843 651 1916 eboris
665 1849 759 1916 deute
786 1843 878 1915 borio
898 1847 1081 1936 bogdotene
1111 1844 1143 1915 in
1171 1848 1311 1918 eeclesia

188 1959 412 2031 bureiionensi
455 1958 647 2041 constructi,
682 1972 938 2048 recognoverunt
968 1960 1053 2048 quod
1085 1960 1126 2030 de
1155 1962 1313 2032 omnibus

188 2075 345 2153 tenenris,
362 2070 624 2162 possessionibus
649 2084 682 2140 et
700 2069 771 2140 otiis
800 2071 982 2140 redditibus
1007 2073 1155 2161 ejusdem
1183 2074 1309 2155 aitaris,

188 2186 245 2273 qui
274 2186 441 2273 bucusque
465 2182 547 2252 inter
574 2184 663 2272 ipsos
691 2196 722 2251 et
742 2184 990 2272 predecessores
1012 2205 1090 2253 suos
1118 2204 1311 2256 communes

187 2302 325 2380 tuerent,
348 2294 535 2387 postiliones
554 2308 586 2366 et
605 2292 779 2365 divisiones
807 2297 939 2385 equales
961 2294 1044 2367 iuter
1062 2318 1098 2367 se
1126 2294 1310 2369 odiriiiieem

187 2413 328 2482 fecerent
348 2412 388 2480 od
408 2412 653 2502 perpetuitatem
674 2400 705 2478 in
726 2411 812 2479 buno
831 2412 974 2492 modom,
989 2408 1112 2481 sciiieei
1136 2414 1222 2501 quod
1241 2410 1313 2483 dic·

187 2540 239 2596 tus
259 2523 454 2596 Vineeiieiiis
472 2538 504 2595 et
524 2545 732 2594 successores
747 2522 851 2615 ipsius
863 2525 982 2593 bobent
1000 2526 1040 2594 od
1053 2546 1188 2615 presens
1206 2538 1240 2595 et
1251 2524 1314 2595 im·

187 2651 376 2729 perpetuum
398 2639 573 2720 bobebiint,
603 2660 660 2726 pro
680 2651 769 2725 porte
788 2657 845 2706 sus
866 2637 956 2725 ipsos
976 2638 1016 2705 de
1038 2636 1134 2706 dietis
1155 2636 1315 2721 tenensis,

188 2748 451 2841 possessionibus
471 2764 502 2817 et
530 2747 710 2817 redditibus
740 2746 961 2836 contingente,
984 2750 1145 2837 quondam
1179 2752 1313 2821 domuin

187 2866 283 2933 sitnm
296 2867 383 2952 joina
398 2860 570 2931 eeclesiam
586 2859 693 2930 Sniieti
710 2857 883 2939 btieboeiis,
906 2861 988 2929 dnos
1006 2881 1151 2930 cameras
1170 2862 1252 2933 sites
1279 2862 1313 2933 io

189 2978 308 3066 Campo
328 2972 512 3063 nguenouis
527 2996 564 3042 eii
586 2970 824 3062 porteeeetesie
843 2973 951 3042 Soneti
965 2970 1056 3054 iiiiii,
1085 2974 1247 3063 quoddam
1261 2996 1315 3047 ar-

190 3103 320 3181 pentum
341 3103 373 3158 et
386 3086 554 3156 dimidium
577 3087 670 3155 iiiiiee
689 3084 786 3154 situm
812 3088 896 3175 opud
922 3087 1134 3156 (inridendum
1158 3108 1196 3157 ei
1223 3102 1314 3179 perte

190 3200 342 3295 pressorii
360 3203 480 3272 ttudutii
502 3198 691 3283 beseriiiier,
725 3197 782 3268 tria
801 3214 932 3290 arpeiito
955 3199 1116 3271 vinesruin
1139 3200 1200 3271 sito
1225 3204 1314 3295 opud

191 3322 308 3387 tossntu
327 3320 368 3387 ds
393 3320 542 3397 Nemore,
573 3337 667 3384 snum
695 3328 863 3403 arpentum
894 3314 986 3384 iiuee
1005 3312 1103 3384 situm
1123 3314 1207 3405 opud
1234 3318 1316 3387 cin·

191 3453 263 3502 eem
280 3436 462 3514 beneuram,
484 3442 583 3499 totoni
615 3451 750 3499 censurii
770 3442 800 3499 et
820 3442 918 3497 totoni
945 3428 1102 3499 decimam
1117 3451 1214 3519 «piem
1233 3452 1313 3503 eeu·

191 3569 262 3616 siim
279 3559 310 3614 et
325 3567 421 3634 ipioni
440 3543 599 3613 decimum
633 3544 727 3611 babet
754 3540 875 3610 dietnin
899 3544 998 3611 uitare
1026 3544 1109 3632 opud
1138 3545 1314 3616 etieestom

191 3657 292 3729 suneti
314 3656 430 3738 boseri,
452 3680 586 3725 censum
608 3658 649 3725 de
674 3660 765 3725 Porto
798 3655 953 3737 tininensi,
974 3677 1109 3725 oensem
1128 3658 1169 3727 de
1189 3660 1315 3743 iioebo,

191 3793 326 3841 censum
346 3792 442 3859 ipieui
458 3768 583 3837 obbatis
597 3770 704 3837 saucit
724 3769 852 3837 Eiurcii
865 3781 898 3837 et
916 3790 1050 3837 censum
1070 3790 1166 3857 quem
1186 3770 1316 3843 olibetis

191 3889 231 3955 de
252 3883 370 3955 vicinis
392 3886 511 3951 debent
532 3880 675 3972 predicto
693 3880 798 3951 nitori.
819 3886 904 3951 boio
918 3904 992 3951 vero
1012 3884 1176 3971 predictus
1188 3896 1221 3953 et
1239 3906 1315 3955 site·

192 4020 339 4068 cessores
360 3996 461 4087 ipsius
486 3998 604 4064 bubent
629 3997 669 4063 ad
687 4018 820 4084 presens
836 4008 868 4063 et
885 3993 1121 4085 imperpetuum
1136 3998 1316 4081 inustum,

192 4134 248 4199 pro
266 4123 354 4199 porte
368 4132 426 4177 sno
452 4112 544 4198 ipsos
563 4110 603 4177 de
624 4106 778 4187 tenensis,
801 4104 1063 4196 possessionibus
1078 4120 1112 4177 et
1130 4106 1314 4181 redditibus
