3420 5490
561 1366 712 1441 Orloans,
730 1362 840 1447 [apres
860 1367 892 1429 le
912 1365 932 1430 3
952 1364 1043 1448 aorlt]
1068 1365 1147 1431 ttttt

292 1622 380 1681 Leuis
394 1623 432 1680 vl
447 1621 531 1680 abolit
546 1621 588 1679 ler
601 1620 690 1677 droitr
704 1620 740 1677 rle
753 1622 811 1695 glte
825 1626 853 1676 et
866 1619 901 1676 de
920 1620 997 1692 prise
1020 1637 1076 1694 qus
1100 1621 1141 1678 lec
1165 1636 1285 1679 reoeurr
1307 1638 1413 1697 roratur

328 1717 481 1788 exipeaient
494 1717 511 1772 d
524 1717 649 1773 Tralnou
661 1720 688 1771 el
700 1714 812 1786 ctecnp,
824 1719 852 1771 et
866 1731 902 1772 ne
912 1716 1057 1772 maintient
1072 1732 1128 1788 que
1143 1716 1169 1773 la
1186 1714 1302 1777 broulo.

317 1905 416 1979 (Cepis
425 1907 461 1962 de
476 1906 590 1973 Bolum,
604 1923 633 1978 p.
645 1904 691 1962 60.
707 1936 738 1947 -
753 1904 825 1961 Bibl.
842 1904 1000 1975 d'Orlecnr,
1015 1904 1169 1962 manuscrit
1182 1905 1237 1961 552
1251 1921 1260 1963 s
1274 1908 1301 1963 1⁰
1315 1904 1394 1979 254.)

337 2179 371 2248 ln
393 2175 655 2248 nominesanctae
680 2189 713 2247 et
732 2173 905 2248 individuae
931 2173 1107 2248 Trinitatis.
1135 2175 1247 2269 Liquet
1264 2173 1419 2249 omnibus

293 2291 461 2366 catholicae
481 2290 553 2363 bulci
581 2290 757 2364 cultoribus
786 2294 872 2384 quod
900 2290 954 2362 sulii
982 2306 1103 2363 sanctae
1122 2290 1233 2363 matris
1250 2289 1417 2378 Ecclesiae,

293 2411 350 2500 qui
370 2411 409 2480 ad
426 2406 602 2478 luriculam
620 2404 806 2477 hereditatis
823 2404 939 2478 Cbristi
964 2407 1137 2499 pertinent,
1154 2405 1187 2477 in
1208 2421 1291 2478 terra
1308 2408 1419 2479 uiren-

293 2521 373 2592 tium
395 2519 573 2614 portionem
593 2534 752 2612 quaerunt.
775 2524 903 2591 Cortum
927 2532 978 2592 est
997 2518 1084 2592 enirn
1112 2521 1197 2611 quod
1218 2518 1417 2612 providentia

292 2633 351 2706 Dei
367 2633 531 2727 rapientes
550 2635 645 2724 bujus
665 2632 776 2704 mundi
794 2631 825 2703 in
845 2631 968 2705 astucia
982 2655 1093 2704 eorum
1108 2631 1366 2726 comprehendit,
1383 2648 1418 2704 et

290 2747 418 2840 judices
437 2770 547 2820 eorum
579 2748 610 2818 in
644 2761 808 2840 stuporem
838 2744 980 2832 adducit,
1013 2744 1188 2818 humilibus
1223 2760 1330 2818 autern
1359 2747 1415 2817 dat

293 2862 438 2955 gratiam.
461 2860 587 2958 Quippe
601 2874 777 2955 potensest
790 2859 970 2952 discingere
989 2863 1128 2932 balteum
1142 2884 1268 2952 rogum,
1285 2875 1317 2932 et
1336 2883 1418 2953 prau-

294 2976 423 3069 cingere
442 3000 537 3049 renos
548 3001 659 3049 eorum
674 2981 761 3049 luno.
776 2979 991 3063 Quamobrem
1005 3000 1066 3068 ego
1080 2975 1272 3063 bodonicus,
1287 2979 1418 3068 prmlata

295 3091 496 3164 institutione
515 3092 672 3179 eruditus,
693 3094 778 3163 dono
795 3093 906 3183 gratim
930 3090 987 3163 llei
1007 3114 1061 3163 rer
1079 3095 1272 3163 Francorum
1293 3088 1420 3163 consti·

295 3220 397 3292 tutus,
431 3205 601 3298 prouidens
634 3229 765 3276 examen
803 3205 937 3276 districti
965 3205 1090 3296 judicii,
1126 3204 1178 3275 cui
1216 3208 1323 3275 nudus
1356 3203 1419 3275 crit

295 3323 431 3412 abyssus
451 3323 598 3391 bumana·
621 3318 841 3403 conscientie,
864 3333 974 3389 rrotum
997 3318 1081 3389 lucio
1110 3318 1258 3410 presenti
1292 3316 1419 3388 nationi

296 3445 327 3502 et
346 3431 588 3502 succedentium
605 3430 781 3522 posteritati
806 3433 891 3521 qnod
909 3454 965 3522 pro
984 3429 1175 3501 enormitate
1194 3427 1418 3522 peccaminum

297 3559 492 3626 nostrorum,
511 3560 544 3614 ut
561 3546 636 3615 inde
653 3544 777 3615 ueniam
798 3543 931 3634 adipisci
952 3566 1145 3627 mercamur,
1171 3559 1204 3614 ct
1231 3565 1288 3632 pro
1307 3541 1420 3634 requie

294 3659 472 3728 arrimarum
507 3672 689 3729 nostrorum
733 3659 1023 3748 praedecessorum,
1052 3656 1261 3746 'lrignanum
1294 3672 1419 3728 sanctae

295 3773 408 3842 Crucis
428 3772 546 3854 villam,
561 3775 623 3840 boc
638 3768 793 3840 libertatis
808 3768 972 3859 privilegio
991 3771 1161 3855 donamus,
1178 3769 1264 3858 rpuod
1283 3790 1420 3843 consue

293 3883 423 3956 tudines
443 3883 525 3971 illas,
546 3908 618 3975 quar
637 3882 725 3974 regio
745 3905 833 3954 more
851 3905 910 3974 per
923 3896 1090 3954 senatores
1105 3885 1314 3967 meleretum,
1329 3882 1420 3957 uide·

294 3999 367 4071 licet
394 4002 479 4091 quod
501 4022 556 4092 per
590 3997 777 4070 violenciam
797 4000 882 4090 apud
908 3996 1055 4069 lrorninos
1075 3995 1169 4070 istius
1192 3997 1273 4069 villan
1309 4012 1341 4070 ol
1376 4002 1418 4072 ad

292 4115 398 4188 uillam
420 4114 617 4209 pertinentes
637 4114 894 4208 bospitabautnr,
914 4130 1010 4206 atque
1041 4137 1098 4206 per
1128 4115 1273 4207 rapinam
1296 4111 1418 4188 rictum

291 4234 332 4302 ab
365 4229 445 4323 ipsis
473 4230 655 4324 hospitibus
687 4229 869 4321 erigebant,
896 4229 1027 4321 insuper
1046 4252 1148 4320 equos
1189 4232 1237 4301 rel
1265 4228 1420 4323 quelibet

287 4349 433 4436 jumenta
454 4344 632 4417 laonerilera
654 4344 792 4417 uiolenta
810 4343 978 4416 exactione
995 4341 1086 4435 quasi
1101 4345 1141 4415 ad
1160 4345 1280 4421 rictum
1294 4366 1418 4418 cauum

289 4462 495 4533 deferendam
514 4459 693 4553 rapiebant,
714 4457 848 4530 omnino
866 4460 1047 4544 abolemus,
1068 4456 1159 4551 regio
1179 4461 1309 4531 decreto
1322 4458 1420 4533 crtir·

290 4599 417 4673 paruus.
441 4579 596 4649 Praeterea
617 4574 827 4662 Clicbiacum,
844 4586 876 4646 et
894 4573 1047 4667 quicquid
1066 4576 1107 4646 ad
1122 4572 1241 4667 prnlati
1261 4572 1416 4669 Tripuaui
