3420 5490
804 1088 906 1148 CLXV

762 1361 848 1425 tout
864 1361 942 1425 lblb

289 1591 424 1663 teneque
438 1591 566 1647 llnnasse
585 1593 734 1648 renoneel
756 1590 894 1649 reclamet
915 1609 951 1650 eu
973 1593 1098 1669 chapitle
1121 1600 1221 1668 quatre
1247 1598 1411 1668 arpentum

323 1688 372 1759 pre
386 1687 402 1742 i
417 1688 541 1754 Merena,
558 1690 643 1759 qu’on
659 1685 740 1742 disait
754 1688 795 1743 lul
809 1689 980 1760 appartenir,
1000 1692 1028 1745 el
1046 1685 1213 1747 abandonnti
1228 1708 1264 1747 au
1287 1689 1414 1766 ehapllre

325 1799 369 1838 res
379 1783 468 1838 tlroils
487 1799 560 1855 pour
571 1783 781 1839 l'anniuersaire
795 1783 831 1838 tle
842 1783 889 1841 seu
905 1784 1021 1855 lieberl‚
1033 1785 1150 1842 ebanlre
1163 1785 1322 1843 tl'Orleans.

520 1929 608 2001 (Orig.
624 1945 648 1984 s.
659 1929 754 2001 pareh.
776 1929 861 1985 Areh.
887 1928 925 1986 du
939 1927 1043 1987 Leirel.
1060 1931 1094 1987 G.
1110 1931 1182 2002 3t8t

333 2146 519 2229 Manasses,
560 2144 618 2216 Dei
640 2144 747 2236 gracia
770 2144 1008 2217 Aurelianensis
1033 2146 1220 2239 episcopus,
1252 2150 1413 2221 universis

293 2257 493 2347 presentibus
525 2258 642 2349 pariter
661 2271 692 2329 et
723 2257 837 2330 tuturis
857 2261 992 2331 salutem
1019 2257 1052 2329 in
1082 2261 1231 2334 Domine.
1264 2260 1415 2333 Noverint

293 2370 429 2442 nutriret-si
450 2373 622 2463 quodcum
662 2371 798 2443 ‹lileetns
833 2370 916 2443 lllins
951 2373 1034 2444 bene
1060 2375 1214 2447 memorie
1240 2377 1410 2461 llobertus,

291 2488 449 2575 prterrtlanr
485 2501 597 2558 eatttor
629 2485 880 2569 Aurelianensis,
921 2499 1058 2578 quatuor
1088 2501 1219 2582 arpenta
1252 2501 1413 2582 pratorum

290 2602 369 2690 aputl
404 2601 565 2671 llarolium
596 2600 730 2671 sitorum
758 2599 972 2690 possedisset,
1003 2624 1105 2694 eaque
1135 2605 1275 2675 ecclesie
1296 2608 1412 2676 Sancte

290 2714 399 2784 Crtteis
419 2713 657 2784 Aurelianensis
677 2737 734 2803 pne
753 2712 972 2785 anniversarie
993 2737 1053 2785 sue
1079 2712 1111 2784 in
1137 2717 1249 2787 eatlem
1275 2719 1414 2808 eeclesia

291 2825 381 2897 arinis
409 2827 545 2918 siugulis
574 2828 768 2898 celebrando
789 2826 820 2896 in
847 2840 1034 2919 perpetuam
1055 2830 1277 2901 ellemosiaam
1298 2841 1411 2903 uentu-

290 2939 389 3026 tinet,
429 2963 501 3023 nes,
533 2939 668 3011 inluietu
699 2942 911 3031 quorumdam
943 2940 1037 3012 uobis
1072 2942 1285 3014 asserentium
1319 2958 1407 3037 prata

291 3052 341 3126 illa
379 3056 419 3126 tle
456 3077 591 3146 corpere
627 3052 834 3146 episeepatus
858 3055 1096 3131 bureliauensis
1115 3055 1273 3144 extitisse,
1292 3060 1348 3149 jus
1379 3057 1412 3130 in

290 3166 409 3240 eistlem
430 3173 577 3261 cepimus
596 3171 780 3240 reclamare.
801 3173 917 3240 Verum
932 3171 971 3240 ad
993 3172 1181 3261 petitionem
1200 3174 1412 3263 quarumdam

292 3284 478 3353 tlileeterum
501 3297 683 3353 nostrerum
712 3307 729 3352 a
750 3282 978 3354 reclamatione
997 3283 1048 3353 illa
1070 3283 1266 3368 destitimus,
1292 3285 1413 3376 siquid

287 3395 412 3483 jurisin
432 3394 553 3466 eisdem
580 3398 788 3481 habebamus,
818 3393 945 3465 dilectis
972 3394 1046 3465 liliis
1077 3397 1201 3468 decane
1220 3411 1252 3468 et
1274 3398 1414 3488 capitulo

292 3508 573 3579 Aurelianensibus
601 3511 642 3578 eb
670 3507 848 3579 remedium
886 3506 991 3578 anime
1019 3508 1234 3597 prenominati
1271 3512 1414 3581 cantoris

292 3619 462 3692 liberaliter
477 3634 508 3692 et
527 3620 761 3711 imperpetuum
777 3623 1007 3692 ceneetlentes.
1031 3622 1124 3706 Qtretl
1139 3634 1173 3690 ut
1193 3624 1319 3691 braum
1342 3646 1415 3713 per·

292 3747 432 3804 maneret
451 3745 483 3804 et
506 3733 669 3824 cognitum
702 3747 870 3823 presentes
899 3733 1020 3803 litteras
1047 3732 1143 3822 sigilli
1179 3733 1278 3805 nestri
1311 3734 1415 3806 muni-

292 3846 374 3916 mine
406 3844 540 3917 lecimus
568 3847 725 3918 roberari.
744 3851 855 3916 butum
879 3868 965 3917 aune
992 3843 1221 3918 incarnationis
1247 3845 1415 3922 Dominiee

293 3959 460 4032 millesimo
480 3963 703 4032 ducentesimo
716 3961 829 4051 quinte
848 3960 988 4047 tleeiam,
1010 3982 1122 4031 mense
1136 3974 1287 4052 attgttste.
