3420 5490
761 663 939 727 -217-

288 789 406 863 dicitnr
424 801 456 861 et
471 789 625 861 miuron
638 789 796 861 decimam
807 791 847 861 nd
860 791 997 863 eandem
1012 791 1184 864 ecetesiam
1198 789 1415 882 pertinentem

284 907 357 996 jore
372 901 563 974 hereditario
586 900 802 992 possiderent.
824 906 953 973 undem
972 901 1004 973 in
1032 926 1128 974 menn
1150 907 1235 975 bone
1258 903 1415 976 memorie

288 1020 444 1096 leuasse,
461 1014 871 1105 qrrondsmtorctirnensis
888 1014 1047 1108 episcopi,
1067 1018 1180 1090 eedem
1195 1014 1413 1107 resignantes,

287 1143 350 1199 tem
363 1131 417 1220 jos
434 1142 620 1219 perronetns
639 1142 816 1198 memorrte
835 1128 975 1201 ecclesie
1000 1152 1096 1221 onom
1116 1129 1234 1201 dictem
1251 1129 1412 1202 decimam

287 1246 355 1314 Deo
386 1254 418 1312 et
443 1240 583 1333 capituto
609 1246 727 1314 Sancte
753 1241 867 1314 Crucis
885 1242 1126 1316 Aurelianensis
1151 1245 1191 1316 de
1218 1266 1357 1318 assensn
1382 1256 1416 1317 et

286 1358 451 1429 rotrrntrto
470 1357 616 1447 ejusdem
630 1353 775 1448 episcopi
794 1355 826 1427 in
839 1357 1051 1430 elemosinam
1068 1359 1275 1431 contulerunt
1291 1357 1415 1452 integre

285 1485 319 1544 et
338 1470 437 1541 titrere
450 1473 522 1560 inre
542 1483 698 1563 perpetuo
718 1470 926 1561 possidendo.
943 1474 1010 1564 sspo
1022 1471 1133 1554 etism.
1148 1472 1180 1543 in
1200 1474 1295 1566 cojos
1309 1474 1416 1545 erchi-

285 1584 457 1657 dirconrtn
474 1582 615 1675 predicte
634 1585 815 1657 consistere
830 1587 1062 1669 noscebrntor,
1082 1589 1166 1659 nnnc
1187 1609 1300 1659 eornm
1315 1588 1416 1659 donr-

288 1698 409 1770 tionem
437 1710 600 1789 preterito
631 1700 747 1768 tectam
774 1700 918 1789 capituto
943 1698 1027 1770 rotoi
1059 1713 1090 1770 et
1110 1702 1261 1772 concessi
1291 1711 1325 1772 et
1343 1721 1414 1772 erm

288 1813 378 1884 sniro
400 1815 472 1903 juro
492 1808 708 1883 archidiaconi
738 1809 769 1881 in
785 1811 936 1884 omnibns
960 1812 1031 1884 riiis
1054 1811 1239 1905 approberi.
1260 1814 1351 1896 nono
1381 1827 1418 1886 ot

288 1939 391 1997 ratum
406 1939 552 1996 tenostnr
571 1937 604 1994 et
618 1939 728 1995 norom
749 1939 936 2017 permanent
952 1939 1134 2017 presentem
1150 1925 1299 2018 pepinrm
1319 1925 1415 2020 sigilii

289 2041 353 2110 mei
374 2052 535 2110 ermenero
553 2037 710 2109 roboreri.
734 2043 845 2110 tctom
873 2061 959 2111 snno
986 2042 1027 2113 sb
1047 2038 1267 2114 inormetiooe
1284 2039 1415 2114 Domini

290 2152 461 2224 mitiosimo
480 2150 704 2224 ducentesimo
725 2152 882 2223 mcondo.

819 2853 898 2916 ¹202

289 3099 444 3158 Foodstton
460 3115 511 3173 per
523 3098 592 3155 lero
607 3098 710 3170 Peren,
725 3096 884 3167 e‘ortsm,
897 3096 933 3153 de
947 3097 975 3153 Ιι
987 3097 1198 3170 eirrpeltettsint
1208 3097 1418 3174 terr-nepum

325 3206 361 3245 sn
380 3189 488 3262 Peritos
513 3187 675 3257 d'Oriisnr,
705 3186 774 3242 dont
801 3187 822 3242 n
854 3201 969 3243 nomme
987 3185 1133 3260 chspetsin
1163 3186 1300 3260 Regnent!
1327 3187 1363 3245 ds
1390 3187 1417 3246 is

326 3280 413 3338 corr.

594 3413 683 3484 (orn.
702 3412 787 3469 nno.
809 3410 849 3469 rr
863 3411 968 3482 sorno
983 3411 1018 3468 o.
1036 3410 1113 3484 ers).

336 3653 402 3740 Epo
430 3652 594 3720 tonennes
631 3649 793 3737 Pogonus,
813 3644 853 3716 de
893 3641 1071 3715 norelienis
1103 3642 1276 3727 vocitetur,
1306 3656 1418 3717 notum

291 3765 375 3838 iccio
405 3766 611 3857 presentibus
640 3774 673 3832 et
691 3758 809 3831 sotoris
832 3761 918 3852 qood
946 3761 979 3830 in
1010 3757 1149 3832 ecclesis
1168 3761 1287 3832 Senete
1305 3756 1420 3831 Crucis

293 3877 545 3962 turdionensis,
586 3875 618 3947 io
649 3873 740 3948 riseri
772 3872 922 3946 ridetieet
949 3871 1052 3944 sancti
1084 3870 1239 3946 tonsoris
1278 3870 1420 3966 Brptiste

292 4019 364 4087 nom
383 3994 415 4064 in
439 3995 553 4064 erdem
568 4005 619 4063 est
637 3987 790 4071 ecclesie,
809 4000 999 4080 perpetrem
1020 3984 1196 4060 instituens
1217 3988 1419 4078 repetissem

293 4124 357 4179 tem
378 4131 435 4199 pro
455 4127 526 4176 mee
540 4127 635 4196 qnsrn
653 4125 710 4195 pro
724 4103 993 4194 predecessorem
1012 4112 1046 4172 et
1070 4121 1301 4173 snecmsornm
1329 4121 1420 4173 men·

294 4244 364 4293 rnrn
379 4222 483 4290 estote
503 4218 657 4290 ineodem
672 4218 763 4286 ettsri
777 4215 950 4285 missrmm
966 4215 1202 4285 oetebmtnrom
1215 4211 1418 4305 sollempnis,

295 4339 421 4406 tornum
441 4355 548 4403 rneom
569 4331 667 4402 sitnm
688 4327 867 4400 teretinois
883 4326 915 4398 in
936 4325 1008 4399 rico
1026 4326 1081 4419 qni
1099 4325 1278 4400 Frontone
1297 4349 1421 4399 rencs·

296 4463 388 4542 pretor
406 4469 479 4516 cnm
515 4441 739 4537 pertinenciis,
765 4442 808 4513 de
835 4463 973 4515 nssenso
999 4439 1107 4513 nroris
1135 4463 1208 4514 mee
1234 4463 1361 4514 necnon
1387 4454 1422 4515 et

294 4566 470 4635 liberorum
507 4574 540 4632 et
578 4559 732 4633 heredum
764 4580 910 4631 meorom
941 4556 1101 4641 omnium,
1133 4560 1201 4631 [ten
1229 4571 1263 4630 et
1281 4554 1422 4632 «rimie

296 4683 415 4752 serere
434 4675 547 4751 Crocis
567 4675 600 4750 in
619 4675 833 4750 elemosimm
853 4672 977 4747 oontrli
996 4675 1163 4767 mpettsnn
1192 4671 1270 4746 dicti
1295 4672 1422 4759 niteris.
