3420 5490
760 1073 928 1139 cccxvru

730 1376 770 1441 at
792 1394 881 1440 rnars
902 1376 983 1439 tuot

288 1642 328 1699 Le
345 1648 438 1698 comto
452 1641 488 1695 do
510 1640 585 1696 Binis
604 1655 720 1695 nonrrne
739 1639 808 1695 Jean
823 1637 969 1693 Charrusu
981 1642 1009 1691 et
1028 1634 1123 1691 Andre
1141 1634 1177 1691 ds
1196 1632 1340 1691 saint-Dis
1362 1650 1411 1689 serr

326 1752 498 1807 procureurs
525 1735 595 1791 dans
616 1735 644 1789 ie
659 1732 829 1805 eoropromis
858 1732 950 1788 relatii
970 1732 987 1787 a
1005 1730 1032 1787 la
1047 1730 1150 1801 justice
1175 1728 1211 1785 ds
1224 1728 1410 1785 Nonou-snr-

322 1832 413 1889 Leirs.

512 1953 605 2025 (θείς,
621 1970 645 2009 s.
661 1951 757 2025 parelr.
776 1952 862 2008 Areh.
879 1951 916 2006 du
928 1948 1035 2022 Loiret,
1050 1951 1083 2007 G.
1098 1949 1173 2019 356).

334 2182 495 2255 Universis
515 2196 682 2274 presentes
700 2181 820 2252 litteras
837 2181 1031 2274 inspecturis
1051 2185 1213 2255 lohannes
1231 2183 1272 2253 de
1291 2185 1412 2255 castet-

288 2298 387 2381 tioue,
409 2320 520 2369 coines
548 2296 723 2383 triescnsis,
750 2301 886 2368 satutem
910 2296 941 2367 in
956 2297 1121 2370 -ttornino
1150 2299 1306 2370 Noveritrs
1325 2302 1412 2391 rptrerl

289 2436 348 2484 nos
364 2412 395 2482 in
416 2436 511 2482 eausa
532 2434 588 2482 seu
609 2414 641 2481 io
661 2411 768 2482 causis
782 2435 876 2502 quam
898 2414 945 2482 uei
964 2434 1044 2503 quas
1062 2415 1218 2483 habemus
1237 2411 1321 2484 iuter
1334 2435 1409 2497 nes,

288 2550 325 2597 cu
346 2550 407 2596 una
437 2539 538 2617 parte,
572 2542 603 2595 et
642 2527 840 2596 venerabiies
866 2525 951 2596 ciros
976 2527 1133 2595 decanum
1170 2540 1203 2596 et
1234 2527 1412 2617 capitutum

290 2644 407 2710 Sancte
428 2639 538 2710 Crucis
551 2638 787 2710 Aurelianensis
804 2662 912 2709 eoram
941 2640 1177 2711 uenerabilibus
1194 2640 1272 2710 uiris
1294 2643 1411 2711 arcui-

290 2753 427 2824 otacooo
445 2753 598 2824 {trecensi
629 2752 660 2822 in
686 2752 822 2824 eeclesia
848 2754 1038 2823 Carnuteosi
1067 2765 1098 2824 et
1130 2754 1254 2824 decano
1276 2756 1406 2844 tinguu-

291 2871 397 2954 neosi,
418 2866 656 2938 Aurelianensis
675 2866 835 2958 dyocesis,
857 2870 897 2937 air
918 2880 1050 2959 utraque
1078 2882 1167 2959 parte
1194 2891 1292 2960 super
1312 2866 1410 2941 «lictis

290 2984 397 3055 eatrsis
416 2997 446 3054 ct
465 2982 834 3053 corrtcooiouiirustaetis
854 2980 1045 3053 unanimiter
1055 2980 1182 3053 arbitris
1200 2982 1326 3068 eiectis,
1342 3006 1411 3055 rna·

290 3100 424 3190 gistrum
438 3103 616 3169 lotrauueur
635 3099 795 3168 (lirarruau
821 3111 853 3168 ct
869 3100 1026 3168 tauream
1054 3099 1095 3169 de
1114 3102 1233 3170 Sancto
1252 3100 1410 3185 tractato,

290 3212 425 3284 elericos
439 3225 581 3295 nostros,
595 3226 627 3281 et
647 3209 821 3301 quemlibet
834 3234 946 3281 eorum
967 3209 999 3280 in
1020 3210 1174 3297 setinum,
1191 3210 1233 3281 ita
1244 3214 1329 3302 qnod
1346 3234 1414 3285 neu

290 3330 334 3397 sit
347 3327 459 3397 metior
471 3325 619 3396 condicio
634 3326 837 3413 occupantis,
858 3339 1081 3415 procuratores
1098 3338 1227 3396 nostros
1241 3324 1415 3397 eonstitui-

293 3464 377 3522 mus,
396 3438 531 3509 tacimus
550 3452 582 3508 et
597 3441 799 3523 ordinamus,
825 3440 938 3508 dantes
971 3437 1094 3508 eisdem
1125 3452 1158 3508 et
1185 3436 1276 3509 alteri
1301 3460 1415 3511 eorurn

293 3568 484 3645 potestatem
500 3566 531 3622 et
545 3552 685 3643 speciale
699 3552 1365 3642 mandatnmagendi,detenuerrdi‚jurarrrii
1379 3552 1413 3625 in

292 3666 430 3737 animam
457 3679 598 3736 uestram
629 3668 669 3735 rie
699 3668 880 3757 calumpnia
904 3688 962 3735 seu
987 3669 1027 3735 rie
1054 3666 1197 3748 veritate,
1215 3664 1355 3757 ponendi
1381 3680 1415 3737 et

296 3780 507 3872 petitionibus
527 3779 756 3871 respondendi,
775 3780 954 3851 ettaeiendi
988 3779 1019 3848 iu
1049 3778 1266 3850 dietiseausis
1292 3802 1352 3851 seu
1380 3778 1414 3852 in

293 3894 389 3965 dietis
403 3891 629 3964 controuersiis
650 3916 756 3963 coram
776 3891 870 3963 uictis
892 3893 1021 3963 arbitris
1042 3893 1172 3963 nomine
1192 3894 1413 3985 uestroquic·

293 4007 369 4100 quir!
386 4012 564 4079 taceremus
584 4032 641 4079 seu
669 4012 771 4079 tacere
799 4030 968 4099 possemus
996 4010 1023 4079 si
1050 4023 1217 4099 presentes
1251 4030 1414 4098 essemus,

297 4137 399 4193 raturn
418 4136 450 4193 et
463 4138 586 4211 gratum
608 4125 764 4192 hahentes
782 4138 813 4193 et
833 4120 972 4193 lrairituri
991 4122 1143 4213 quicquid
1158 4122 1190 4193 in
1202 4120 1415 4195 dictiscauuis

299 4260 355 4307 seu
382 4235 612 4305 controuersiis
650 4258 707 4327 per
740 4234 843 4305 dictos
874 4250 1097 4326 procuratores
1116 4257 1174 4307 scu
1206 4239 1418 4328 perattcrurn

295 4372 405 4419 eorum
422 4363 529 4417 actum
549 4347 644 4417 tuerit
662 4362 723 4418 tam
746 4372 802 4438 pro
834 4348 928 4419 uobis
955 4372 1050 4439 quarn
1075 4361 1186 4419 eontra
1219 4372 1279 4419 nos
1307 4372 1417 4423 eoram

296 4462 389 4533 dictis
420 4461 546 4532 arbitris
563 4484 621 4532 sen
636 4463 732 4531 ctiam
752 4477 969 4553 procuratum,
1007 4462 1230 4553 promittentes
1261 4464 1323 4534 suir
1339 4486 1419 4556 ppro-

298 4581 388 4649 tlreca
406 4600 513 4647 reruur
534 4590 714 4647 nostrarum
729 4602 786 4667 pro
810 4576 905 4647 dietis
922 4577 1183 4669 procuratoribus
1208 4599 1267 4649 serr
1287 4601 1345 4668 pro
1370 4580 1419 4651 ai-

296 4703 364 4762 tero
385 4713 495 4762 eorum
520 4690 547 4761 si
587 4710 721 4763 necesse
749 4688 841 4761 suerit
867 4690 1046 4787 judicatum
1080 4692 1174 4765 seiri.
1214 4690 1420 4769 trutinarum
