3420 5490
771 716 800 727 -
822 680 883 743 2⁴0
903 715 940 727 ..

290 816 466 875 memorato
493 804 669 895 requisitus
707 806 823 889 iuerat,
856 802 981 874 ballivis
1008 803 1131 875 domini
1160 804 1247 896 regis
1290 806 1418 881 sciticct

290 916 447 988 Guiteimo
468 915 593 988 danorii
613 929 646 988 ct
664 914 821 989 Guiietmo
838 918 879 989 de
899 918 1026 1009 Capella
1056 917 1274 1008 presentibus,
1307 942 1419 993 emou-

289 1034 362 1103 dam
379 1053 435 1123 pro
454 1029 625 1102 interdicto
645 1029 738 1101 nobis
758 1033 792 1101 in
812 1029 953 1122 capitulo
967 1043 1078 1102 nostro
1108 1031 1245 1118 taciens,
1273 1032 1417 1125 ssdoijur·

289 1167 380 1217 soros
400 1167 503 1237 usqne
536 1146 577 1214 ad
605 1143 815 1235 quadraginta
837 1143 934 1216 libras
963 1144 1157 1235 interposuit
1182 1167 1240 1238 pro
1265 1149 1416 1221 emendo.

289 1261 352 1327 Nos
372 1256 480 1348 igitur,
496 1259 539 1327 ob
558 1260 713 1328 honorem
734 1270 766 1327 et
796 1256 934 1346 graciam
963 1255 1050 1347 regie
1078 1258 1266 1349 majestatis,
1294 1262 1419 1352 prciuto

289 1383 443 1460 quantum
465 1368 628 1462 potuimus
647 1367 831 1459 peperimus
860 1368 1027 1453 recinatur,
1045 1367 1157 1460 uiginti
1177 1371 1274 1443 libras
1299 1396 1317 1443 a
1347 1394 1419 1464 pre·

291 1493 399 1552 notata
419 1483 555 1552 emenda
573 1481 750 1574 capientes,
771 1483 811 1552 dc
838 1480 958 1573 quibus
981 1504 999 1552 a
1030 1481 1124 1553 nobis
1154 1495 1204 1555 est
1234 1481 1418 1556 ordinatum

292 1609 386 1689 prout
404 1596 444 1667 ad
469 1598 623 1668 honorem
645 1600 762 1668 Sancto
786 1594 898 1667 Crucis
928 1597 1067 1669 ecclesie
1091 1595 1290 1670 credidimus
1319 1620 1417 1691 erpe-

293 1710 396 1789 dirc¹.

806 1972 892 2033 CLV!

816 2213 894 2275 tutu

296 2442 334 2497 La
348 2441 473 2513 chapitro
485 2440 521 2495 dc
535 2441 639 2496 Novaro
653 2440 702 2495 init
716 2439 772 2495 don
787 2456 824 2495 ru
838 2439 962 2512 chapitrc
980 2439 1016 2496 dc
1030 2440 1219 2523 Suiutcd'coix
1234 2441 1319 2499 d’uno
1342 2442 1421 2516 picco

331 2538 421 2593 cituco
438 2536 563 2594 derridro
577 2538 604 2592 la
618 2537 726 2592 maison
740 2536 776 2593 de
793 2535 1011 2593 Seium-croire
1029 2536 1145 2609 Novem,
1171 2544 1341 2611 mopeununt
1363 2556 1420 2597 uns

332 2634 448 2706 pontion
459 2633 590 2689 conualle
606 2632 672 2689 dod
689 2649 756 2688 sous
770 2632 919 2688 uireroais.

598 2779 686 2851 (orig.
716 2779 800 2836 Arois.
815 2781 853 2835 du
868 2779 972 2851 Loirat,
992 2780 1026 2837 G.
1041 2778 1116 2851 Ἀθ).

342 2977 406 3066 Ego
427 2977 463 3045 ΙΙ.
486 2975 627 3045 (decanus
650 2988 682 3043 et
710 2973 893 3045 uniuersum
907 2974 1080 3065 capitutum
1096 2970 1292 3047 Niuerncnse
1305 2988 1417 3047 notum

297 3090 431 3163 ducimus
452 3087 655 3181 presentibus
675 3104 706 3159 et
726 3087 840 3159 tuturis
853 3112 926 3170 nos,
942 3091 981 3159 ad
998 3111 1112 3180 preces
1127 3087 1266 3161 uirorunr
1287 3114 1421 3163 uenero·

296 3204 407 3275 initium
424 3202 572 3272 Futconis
591 3202 704 3272 decani
720 3216 753 3272 et
770 3205 847 3284 ude,
865 3201 1080 3272 archidiaconi
1097 3202 1418 3295 Aurelianensfioml,

295 3339 401 3385 aream
421 3315 593 3402 rpuandarn,
615 3311 724 3381 domui
745 3318 862 3382 Sancte
882 3316 994 3381 Crucis
1014 3311 1075 3381 sito
1104 3312 1248 3383 Nircrnis
1280 3335 1299 3384 a
1331 3328 1420 3405 parto

295 3424 463 3519 posteriori
480 3423 676 3514 contiguam,
693 3426 733 3493 ab
754 3425 788 3494 E.
803 3422 936 3493 mutiero
948 3425 981 3493 in
1000 3438 1188 3516 perpetuam
1207 3426 1421 3497 elemosinam

296 3554 406 3611 nostre
425 3540 572 3608 coitatarn
594 3535 746 3621 ecciesie‚
767 3539 828 3606 sub
849 3539 944 3607 trium
960 3534 1136 3607 solidorum
1157 3550 1289 3609 monete
1311 3536 1422 3613 Niser-

297 3653 408 3724 nensis
423 3675 527 3723 annua
548 3655 706 3741 pensione
722 3651 827 3741 uigilia
843 3648 1050 3722 Ascensionis
1070 3649 1232 3723 dominice
1246 3650 1341 3725 antris
1356 3656 1423 3727 soi·

298 3769 472 3837 vendorum
487 3764 624 3855 singuiis
643 3776 675 3835 et
695 3763 726 3834 in
747 3762 832 3834 dicte
846 3764 991 3836 mulieris
1010 3764 1307 3837 distribuendorum
1324 3788 1418 3837 auor·

299 3882 451 3964 versario,
472 3877 691 3950 Aurelianeusi
707 3876 847 3968 capitulo
867 3879 999 3969 paciticc
1013 3877 1241 3969 possidendam
1261 3876 1294 3950 iu
1309 3900 1423 3975 porpo-

298 4006 387 4063 tnum
403 3992 619 4063 concessisse.
640 3994 673 4059 in
694 3992 788 4081 enjus
807 3988 852 4061 rei
873 3990 1093 4061 testinnonium
1114 4007 1281 4083 presentes
1298 3988 1422 4067 tittom

296 4106 392 4197 sigilii
412 4105 512 4178 nostri
533 4120 695 4177 caractere
712 4107 848 4177 fecimus
867 4108 1062 4178 contirmari.
1084 4110 1198 4177 Actum
1218 4127 1305 4178 anno
1318 4107 1423 4181 iucar-

298 4221 438 4292 nationis
453 4219 615 4292 dominicc
634 4219 807 4291 mitissimo
826 4219 1050 4291 ducentesimo
1069 4220 1276 4293 duodecimo.

300 4398 416 4407 .-—...
427 4396 447 4404 ..
460 4396 583 4404 -..--.
593 4394 836 4403 ..-..-......-.—---.
857 4394 904 4403 -.-
913 4394 1424 4411 --.-.-..-..-..,-,-

334 4491 342 4524 ¹
358 4490 430 4545 Noto
444 4489 479 4543 dc
493 4488 561 4543 dom
577 4488 687 4542 Geron:
705 4509 718 4539 a
736 4464 780 4541 On
795 4494 860 4558 peut
875 4502 1111 4559 communesque
1128 4490 1153 4543 tc
1171 4487 1261 4562 dopcu
1275 4494 1302 4545 ct
1318 4489 1346 4547 ic
1359 4490 1425 4547 oisc·

299 4579 370 4652 pitrc
384 4578 419 4633 dc
434 4578 540 4649 Pdgtiuc
553 4578 703 4633 d’rntenun
718 4576 829 4632 iuncsnt
845 4592 883 4631 un
903 4576 1016 4632 inter-dit
1027 4575 1067 4633 du
1082 4578 1175 4633 uiuunt
1188 4577 1224 4633 dc
1238 4578 1375 4653 tuique.
1388 4580 1426 4637 do

298 4668 438 4725 d'cntoritd
452 4667 558 4739 doque!
570 4666 605 4721 iis
623 4684 660 4721 ne
671 4667 730 4723 dont
744 4682 854 4723 aucune
867 4666 1004 4733 mention,
1014 4667 1102 4738 coqui
1116 4667 1207 4741 pcroit
1216 4674 1399 4741 surprcnout.
1408 4690 1425 4725 ι
