3420 5490
766 727 803 737 -
824 691 885 754 230
905 725 943 737 ..

291 817 557 907 cerrituloeorlem
577 817 673 885 modo
694 837 750 906 ner
762 813 871 884 omnia
907 835 1005 904 suocr
1042 835 1156 903 magna
1177 812 1302 904 justitia
1325 812 1415 884 mhi·

291 929 392 1013 bcbit,
407 928 448 999 ita
463 941 571 1000 umen
590 930 676 1019 quorl
692 930 732 998 ad
753 927 839 998 illam
855 924 1012 1018 justitiam
1031 948 1163 996 manum
1188 948 1254 995 noa
1273 938 1415 1018 apponet

289 1043 406 1134 aliquis
420 1045 514 1128 alius,
527 1056 559 1113 et
571 1058 678 1133 preter
688 1045 794 1133 ipsum
806 1045 845 1113 dc
855 1063 893 1112 ca
907 1063 1003 1113 nemo
1015 1063 1052 1111 se
1064 1039 1193 1132 ponitus
1207 1039 1412 1111 intromittet.

290 1157 465 1226 Sciendum
494 1167 636 1245 preterca
660 1175 774 1224 omnes
804 1151 948 1223 redditus
983 1150 1059 1222 dicti
1094 1150 1153 1221 rici
1178 1164 1211 1222 ct
1230 1152 1414 1223 uniuersam

286 1266 444 1359 justinam
464 1280 570 1359 preter
597 1289 743 1358 magnam
764 1264 908 1357 predicto
936 1263 1077 1356 capitulo
1103 1263 1226 1356 integro
1256 1278 1288 1336 ct
1314 1262 1416 1337 libero

291 1395 447 1475 perpetuo
465 1382 672 1465 remansisse,
694 1379 737 1451 ita
752 1383 837 1473 quod
853 1403 870 1451 a
892 1377 986 1451 nobis
1003 1402 1135 1472 prorsus
1150 1377 1225 1452 inde
1239 1379 1311 1473 [oill
1324 1394 1417 1471 pote·

291 1494 332 1566 rit
354 1495 530 1567 reclamari.
570 1498 662 1581 Quotl
703 1510 737 1564 ut
763 1507 954 1586 perpetuum
992 1497 1091 1564 rohur
1128 1493 1284 1576 obtineat,
1318 1490 1416 1585 sigilli

293 1609 395 1680 nostri
410 1608 602 1680 authoritate
623 1622 804 1699 presentem
825 1610 972 1700 paginam
993 1610 1234 1678 conlirmamus.

336 1726 449 1792 Actum
462 1719 651 1803 Aurelianis,
669 1743 753 1791 anno
767 1718 999 1791 incarnationis
1009 1717 1172 1789 dominice
1185 1720 1285 1803 tuus,
1300 1742 1415 1791 menso

293 1833 471 1905 novembri.

805 2168 892 2229 Cblll

717 2469 759 2528 1⁰¹
772 2452 894 2527 levrici
905 2465 986 2527 turo

292 2706 410 2775 hubert,
424 2706 571 2776 chevalier,
588 2707 710 2777 ecbnnge
725 2723 790 2761 avec
805 2707 831 2761 le
845 2706 970 2776 chapitre
984 2722 1014 2759 sa
1025 2708 1122 2762 nrairie
1133 2706 1168 2762 de
1177 2707 1367 2764 sitnm-croix
1377 2724 1413 2763 on

328 2802 435 2858 Benace
450 2808 477 2858 ol
491 2802 710 2873 l’hebergemerrt
725 2803 760 2857 ds
776 2802 915 2872 Rouvray,
927 2817 999 2873 pour
1011 2802 1131 2857 certains
1146 2801 1233 2857 droils
1243 2803 1260 2858 b
1272 2802 1413 2876 Villupion

328 2898 477 2970 ct'l'riuay,
491 2896 527 2953 20
541 2914 609 2954 sous
624 2898 657 2953 de
672 2914 739 2953 cens
750 2912 800 2952 sur
816 2896 953 2966 Enbeilos,
967 2898 1021 2952 llll)
1037 2897 1119 2953 liures
1134 2898 1234 2970 parisis
1245 2904 1272 2955 cl
1285 2896 1413 2955 l'ullran·

328 2994 497 3051 cluissement
511 2995 545 3049 ds
557 3001 632 3050 toutc
646 2996 672 3051 la
686 2993 878 3051 descendance
892 2993 928 3047 rlo
940 3008 993 3048 son
1008 2993 1074 3065 pluo
1087 2994 1205 3050 hubert.

291 3140 385 3211 (Orig.
414 3140 499 3196 hrclr.
515 3140 553 3195 du
570 3141 672 3210 loiret,
698 3142 731 3195 G.
751 3140 821 3210 385;
849 3139 972 3194 mention
1001 3138 1161 3211 Scriptum.
1183 3172 1219 3182 —
1243 3142 1306 3199 Une
1332 3142 1414 3214 copie

328 3234 365 3290 du
381 3246 453 3290 ursus
467 3236 553 3291 siecle
567 3243 646 3307 ports
663 3254 669 3291 :
692 3253 705 3287 c
724 3235 828 3291 Eutrait
850 3236 888 3291 thr
914 3234 995 3289 blare
1018 3234 1126 3304 llougo,
1147 3236 1197 3291 iol.
1209 3236 1316 3307 Gillril,
1329 3248 1361 3291 u·
1374 3238 1415 3303 a).

737 3444 957 3487 ct'ltoultat‘tttltt

333 3630 508 3710 llanasses,
528 3624 585 3695 [lei
605 3624 704 3716 gratia
730 3623 967 3697 Aurelianensis
993 3623 1181 3719 episcopus,
1206 3624 1359 3699 omnihus
1377 3622 1411 3697 io

291 3754 492 3832 perpetuum.
512 3743 628 3811 Notum
646 3739 780 3811 lecimus
801 3739 971 3821 universis,
994 3743 1198 3830 preeuntibus
1229 3738 1347 3832 paritor
1378 3752 1412 3811 ct

292 3853 419 3938 suturis,
440 3856 613 3924 hubertum
627 3854 772 3932 militem,
792 3856 953 3944 quondam
986 3854 1138 3943 majorem
1158 3850 1263 3925 bclsio
1294 3856 1412 3925 Sarrets

292 3968 415 4049 Crucis,
431 3967 593 4059 majoriam
620 3991 711 4037 srraur
743 3990 838 4058 quam
871 3969 1008 4038 hnhchut
1029 3969 1061 4037 lu
1097 3970 1210 4039 carlom
1239 3964 1343 4040 lluluia
1380 3982 1413 4041 ct

290 4080 397 4152 omnia
417 4103 480 4172 quc
494 4083 534 4150 arl
551 4084 686 4151 candum
705 4080 868 4171 majoriam
888 4095 952 4151 tarn
973 4080 1003 4150 in
1020 4080 1197 4153 rcrhhtibus
1213 4103 1308 4172 quam
1339 4102 1414 4173 nro·

290 4194 451 4279 verutibus,
469 4206 502 4265 et
522 4208 617 4280 terra,
638 4209 670 4266 et
684 4192 877 4286 hospitibus,
898 4209 929 4266 et
945 4198 1042 4266 rchus
1059 4193 1130 4267 aliis
1149 4197 1303 4269 omnibus
1317 4192 1412 4289 perti·

289 4313 421 4391 nebant,
443 4330 569 4379 necnon
589 4322 621 4380 et
641 4307 884 4399 herbergagium
904 4312 945 4380 tle
964 4312 1101 4381 llorreto
1120 4332 1194 4379 cum
1214 4313 1312 4383 rebus
1336 4308 1410 4381 aliis

288 4421 485 4514 quibuslibet
500 4446 581 4513 «ruas
600 4424 739 4505 llovreti,
761 4438 894 4515 crccpto
914 4428 1008 4495 lcolo
1029 4422 1111 4496 l'etri
1132 4426 1172 4495 tle
1186 4427 1271 4496 lleso
1286 4420 1410 4509 militis,

290 4537 488 4625 possidebat,
509 4534 648 4624 cerritulo
668 4541 784 4605 Sancto
814 4538 926 4606 Crucis
957 4534 1194 4607 lucullanensis
1230 4534 1353 4627 integre
1379 4549 1413 4607 ct

289 4647 388 4718 libere
416 4646 608 4739 possidenda
639 4662 795 4738 perpetuo
828 4648 1028 4738 quitatisse3
1062 4647 1104 4718 ita
1141 4649 1229 4739 quorl
1260 4647 1293 4717 in
1327 4659 1412 4719 terra
