3420 5490
789 650 963 713 -388-

317 776 416 847 edesio
435 777 691 863 nostre,{doruos
705 797 782 844 suas
806 796 837 842 ιιι
852 776 991 842 claustro
1011 785 1123 841 nostro
1142 772 1221 842 sitas
1245 794 1263 841 a
1283 772 1376 843 nobis
1393 787 1440 843 te·

319 901 409 960 neret
428 889 468 957 ad
484 907 623 957 annuam
644 883 831 976 pensionem
854 897 982 954 centnm
1004 884 1181 953 solidorum
1194 879 1436 974 parisiensium,

318 1023 393 1085 nos,
413 997 624 1071 consideratis
643 999 827 1087 sumptibus
840 1008 872 1066 et
887 994 1037 1086 expensis
1049 1018 1130 1085 quas
1144 993 1229 1066 idem
1247 994 1437 1087 Manassen}

318 1124 469 1203 posuerat
499 1122 532 1181 et
550 1108 647 1180 etiam
674 1130 793 1198 ponere
819 1106 980 1198 proponit,
1003 1121 1035 1177 et
1055 1105 1315 1177 emendationem
1328 1108 1442 1177 domo-

319 1248 391 1295 rum
418 1224 647 1315 predictarum,
675 1220 784 1289 babito
809 1219 904 1289 etiam
922 1233 1071 1309 respectu
1099 1220 1186 1309 quod
1217 1231 1304 1290 retro
1322 1220 1438 1289 domos

319 1335 391 1408 idas
422 1337 502 1405 uitra
522 1356 648 1404 murum
669 1330 806 1404 civitatis
826 1345 947 1402 emerat
971 1346 1003 1402 et
1033 1328 1227 1421 acquisierat
1258 1332 1365 1401 iocum
1384 1334 1440 1401 ubi

321 1462 370 1520 est
390 1460 479 1518 ortus
502 1459 534 1540 et
554 1444 642 1517 curia
655 1458 687 1516 et
706 1442 766 1515 adia
785 1457 876 1536 prout
892 1442 993 1514 muris
1020 1443 1270 1537 circumquaque
1288 1443 1442 1515 claudun·

322 1574 384 1645 tur,
406 1583 469 1652 que
493 1559 600 1631 omnia
625 1561 806 1633 contulerat
830 1558 923 1629 uobis
945 1570 977 1629 et
996 1556 1134 1630 ecclesie
1153 1572 1263 1629 nostre
1277 1557 1310 1627 in
1329 1579 1443 1650 perpe·

321 1688 408 1745 tuam
436 1672 647 1746 elemosinam
676 1687 748 1763 post
771 1674 942 1743 decessum
970 1673 1040 1762 ejus
1060 1674 1198 1744 tenenda
1228 1685 1261 1744 et
1279 1672 1440 1757 habenda,

319 1784 423 1858 cidem
439 1788 562 1858 decano
579 1807 802 1857 concessrmus
820 1798 855 1855 ut
866 1798 941 1876 post
961 1786 1132 1856 decessum
1149 1806 1245 1855 suum
1262 1786 1443 1869 lohannes,

319 1923 422 1992 nepos
440 1903 525 1993 ejus,
546 1899 725 1972 canonicus
738 1913 862 1985 noster,
875 1901 915 1970 ad
928 1921 1024 1992 quem
1043 1901 1179 1971 cedente
1192 1900 1242 1970 rei
1261 1900 1442 1971 decedente

319 2016 442 2086 decano
479 2013 623 2107 predicto
666 2017 786 2105 presure
829 2015 946 2085 domus
982 2036 1056 2084 cum
1099 2012 1302 2105 pertinentiis
1348 2015 1445 2085 dere·

319 2126 389 2199 nire
408 2129 541 2213 debent,
562 2130 602 2198 de
622 2150 758 2199 assensu
780 2146 813 2198 et
837 2130 1002 2198 voluntate
1021 2140 1130 2197 nostra
1147 2128 1229 2197 nitra
1249 2124 1440 2219 pensionem

319 2241 495 2331 predictam
514 2257 645 2313 centum
661 2244 837 2313 solidorum
868 2242 1078 2332 quadraginta
1109 2240 1232 2312 solidos
1248 2239 1444 2315 distribuen-

320 2357 380 2427 dos
398 2354 430 2426 iu
451 2354 669 2427 anniuersario
685 2355 783 2448 patris
802 2367 835 2427 et
854 2355 966 2426 matris
982 2357 1128 2448 ejusdem
1146 2354 1259 2427 decani
1285 2354 1319 2425 iu
1339 2358 1444 2429 cccic-

319 2467 365 2540 sia
376 2468 938 2559 nostraaunissinguiisceiebrando
951 2491 1007 2561 pro
1018 2467 1149 2560 prefatis
1160 2467 1443 2561 domibus‚quam·

320 2580 374 2651 diu
396 2580 519 2667 vixerit,
540 2585 722 2672 persolvere
744 2580 905 2653 tenebitur
925 2582 1103 2653 annuatim.
1127 2588 1230 2668 Quam
1247 2583 1438 2675 pensionem

320 2707 445 2784 septem
465 2693 616 2764 iibrarum
646 2693 782 2785 singuiis
804 2694 899 2765 annis
912 2696 1155 2785 persolvendam
1174 2694 1261 2766 idem
1280 2699 1445 2771 dobannes

317 2805 436 2896 jurabit
459 2804 490 2875 in
505 2805 659 2896 capituto,
677 2805 748 2897 ipso
770 2809 893 2877 decano
910 2809 1045 2878 cedente
1065 2810 1113 2878 red
1141 2809 1319 2880 decedente
1340 2832 1351 2893 ς
1371 2824 1446 2899 post

321 2923 492 2991 decessum
519 2943 594 2991 uero
624 2923 672 2992 uod
698 2920 878 2992 cessionem
916 2924 1063 3013 ejusdem
1089 2921 1257 3011 lobannis,
1289 2928 1443 3016 quicquid

323 3038 405 3106 nitra
425 3058 584 3107 summam
604 3051 733 3107 centum
750 3037 925 3108 solidorum
940 3040 980 3108 de
1003 3036 1088 3109 dicte
1102 3041 1218 3110 domus
1237 3040 1446 3130 proventibus

323 3149 431 3222 baberi
456 3150 572 3241 poterit
591 3149 802 3222 distribuetur
826 3166 859 3222 et
880 3154 974 3224 cedet
999 3150 1030 3221 in
1062 3151 1278 3225 anniversario
1297 3156 1399 3245 patrie
1413 3170 1448 3229 et

322 3261 433 3333 matris
462 3264 574 3335 decani
601 3264 787 3355 supradicti.
817 3268 852 3335 lu
891 3267 984 3355 cujus
1004 3263 1050 3336 rei
1080 3264 1269 3337 memoriam
1301 3282 1335 3339 et
1355 3270 1449 3341 testi·

322 3374 466 3446 monium
505 3392 672 3468 presentes
706 3380 829 3449 bitteras
855 3377 921 3450 beri
950 3391 983 3449 et
1014 3376 1109 3470 sigibi
1141 3378 1241 3451 nostri
1268 3380 1449 3455 munimine

323 3487 458 3559 fecimus
482 3490 638 3562 roborari.
661 3496 773 3561 dotum
790 3491 917 3581 publice
942 3490 973 3560 in
995 3489 1135 3582 capitulo
1154 3506 1267 3564 nostro
1290 3497 1446 3585 generali,

323 3625 408 3673 anuo
429 3603 557 3674 bomini
578 3607 655 3675 bec
684 3604 963 3697 quinquagesimo,
995 3604 1048 3675 die
1069 3606 1154 3696 jovis
1184 3604 1217 3676 in
1249 3606 1358 3699 vigilia
1375 3606 1450 3701 Epi-

324 3714 441 3807 pbanie
455 3717 597 3789 bomini.
