3420 5490
767 658 937 719 ..CX-

294 790 407 878 parall
424 783 634 875 impossible
654 782 698 851 dc
716 784 873 853 lraduire
892 789 1094 854 autremcnl
1111 805 1182 875 que
1197 806 1262 876 par
1280 783 1416 875 bneque

289 898 322 968 le
338 903 413 966 mol
427 894 632 966 creditoris.

335 1011 405 1082 Par
435 1010 467 1080 la
497 1021 613 1081 meme
637 1012 820 1091 occasion,
853 1033 944 1082 nous
975 1010 1156 1082 reeditons
1182 1009 1216 1081 la
1244 1010 1416 1103 premiere

290 1124 413 1194 charte
432 1125 577 1195 relative
596 1131 615 1193 a
636 1124 774 1216 l’eglise
802 1125 864 1216 qui
891 1124 1012 1193 devint
1031 1133 1078 1193 un
1098 1122 1206 1193 siecle
1235 1124 1317 1216 plus
1337 1124 1414 1193 terd

288 1451 355 1519 cite,
371 1451 465 1523 prend
483 1468 518 1506 err
531 1467 601 1522 gage
617 1451 768 1523 labanque
792 1450 827 1507 de
850 1452 954 1522 lleung
966 1467 1039 1524 pour
1063 1449 1115 1505 luo
1129 1450 1230 1520 lirrea3
1254 1447 1416 1532 loraqu'elle

289 1554 353 1594 sera
368 1540 507 1605 racheles,
523 1545 596 1596 cette
608 1556 716 1595 somme
731 1555 793 1596 sera
806 1540 983 1613 appliqueet
1000 1539 1209 1595 l'anniversaire
1223 1539 1258 1593 de
1272 1538 1416 1596 Manassis

289 1628 305 1683 t
334 1627 544 1685 Salute-Crem.
573 1629 659 1700 (orig.
683 1647 707 1684 s.
735 1629 831 1701 parcb.
856 1629 942 1686 Arcb.
967 1628 1005 1684 llo
1020 1628 1162 1696 Loiret‚G
1184 1626 1415 1698 (Salute-Groir);

290 1717 415 1772 mention
429 1715 663 1787 Semproni-s
678 1716 906 1773 Gvnoensrnuu.
920 1718 978 1788 Epo
994 1717 1148 1788 iterasses,
1167 1716 1217 1772 bei
1230 1715 1416 1787 permissione

288 1805 500 1860 Aurelianensis
515 1806 632 1861 ecclesie
646 1805 738 1860 dictus
752 1806 910 1878 episcopus,
926 1808 955 1861 el
977 1805 1119 1860 lebannes
1137 1804 1261 1861 decanus
1283 1808 1416 1875 totusque

289 1893 416 1963 ejusdem
430 1893 547 1949 ecclesie
561 1899 715 1949 conventus
739 1894 943 1949 declarandum
968 1894 1099 1948 duximus
1113 1894 1266 1959 universis,
1282 1901 1339 1949 tam
1353 1893 1417 1947 ins-

289 1982 411 2036 tantibus
425 1999 511 2055 quam
527 1982 640 2050 tuturis,
656 1983 721 2053 quia
734 1982 768 2036 lis
781 1994 807 2038 et
832 1983 973 2038 contentio
992 1988 1052 2037 erut
1071 1982 1252 2037 internosci
1277 1981 1416 2036 Burcbar·

289 2070 356 2124 dum
376 2071 604 2139 llngrlunensem
630 2070 773 2124 bominem
798 2070 895 2140 ligium
922 2076 1063 2134 nostrum,
1079 2070 1114 2123 de
1143 2069 1243 2123 rlebitis
1258 2075 1285 2123 el
1300 2069 1417 2124 rliverais

288 2158 497 2226 gravaminibus
512 2159 576 2212 ville
595 2158 803 2227 llagrlunensis.
819 2157 864 2212 tu
880 2158 1012 2212 ultimum
1028 2173 1110 2211 causa
1127 2156 1414 2229 componendimrn·

288 2247 430 2303 rnunicato
443 2248 558 2303 consilio
577 2249 731 2319 proborum
752 2249 887 2317 virorum,
905 2248 992 2304 totius
1009 2248 1197 2304 controversie
1219 2245 1416 2301 dillrnitionem

288 2335 404 2390 arbitrio
419 2336 525 2391 domini
537 2337 693 2392 lanscelini
710 2337 945 2408 balgentiacenais
956 2344 983 2391 et
992 2337 1098 2391 domini
1107 2334 1223 2392 Ebmrrii
1236 2334 1416 2390 rurmoemts

289 2426 492 2483 commisimus.
513 2427 639 2491 Quorum
661 2427 812 2483 arbitrium
831 2443 884 2481 nos
898 2427 1115 2482 observaturum
1130 2426 1159 2480 in
1182 2425 1266 2480 verbo
1291 2425 1416 2481 veritatis

288 2515 482 2586 promisimus,
504 2516 684 2571 Burciranlus
706 2532 770 2571 vero
789 2515 844 2570 lide
864 2516 928 2570 data
951 2514 1188 2584 innelragabiliter
1202 2530 1233 2569 se
1254 2514 1415 2570 observatu·

289 2617 352 2658 rum
367 2604 506 2674 promisit.
535 2605 673 2661 Dominus
693 2614 787 2660 autem
810 2604 978 2671 budoricus,
1006 2621 1056 2659 rex
1077 2605 1261 2670 Francorum,
1283 2618 1414 2659 summus

288 2700 398 2748 amator
409 2696 494 2750 totius
509 2694 585 2766 boni,
601 2694 795 2767 compatiendo
809 2699 950 2766 pretaxate
974 2694 1040 2749 ville
1059 2693 1277 2764 gravaminibus,
1288 2692 1414 2766 preposi-

289 2787 349 2836 tum
362 2799 447 2838 suurn
463 2784 695 2840 aurelianensem
711 2784 784 2840 misit
811 2784 995 2855 llagdunum,
1014 2783 1062 2855 qui
1077 2783 1223 2838 universos
1236 2782 1300 2838 ville
1323 2798 1414 2852 itepo-

289 2872 409 2928 ciatores
427 2874 524 2944 jurare
551 2875 613 2929 lecit
638 2875 715 2946 quod
734 2877 840 2946 prelato
866 2874 1028 2928 llurclrardo
1048 2873 1134 2928 niclril
1162 2873 1235 2927 ultra
1266 2870 1415 2929 crederent

288 2961 380 3017 donec
392 2963 540 3020 arbitrium
556 2964 745 3036 predictorum
770 2964 908 3019 baronum
932 2962 1088 3018 executioni
1112 2962 1303 3018 manderetur.
1328 2964 1413 3018 Λεω-

290 3052 367 3106 rebat
395 3055 471 3109 enim
496 3055 622 3125 prelatus
657 3053 838 3110 llurcbartlus
864 3071 896 3109 se
923 3052 1026 3108 babere
1049 3053 1078 3107 in
1108 3051 1259 3107 creditoris
1291 3052 1412 3123 Mardu-

289 3142 370 3196 nensi
383 3142 452 3196 Lllt·
467 3142 552 3197 librus
568 3142 621 3196 sub
635 3142 776 3212 assignato
803 3143 923 3197 termino
939 3143 1024 3196 unius
1047 3140 1123 3196 anni.
1145 3141 1166 3194 lt
1185 3146 1281 3196 contra
1307 3139 1414 3213 antiqui

288 3230 443 3284 servientes
468 3230 584 3285 ecclesie
608 3230 786 3285 alllrmabnnt
807 3247 872 3284 eum
893 3229 1022 3285 nonnisi
1044 3228 1115 3284 121⁸·
1134 3228 1239 3282 solidos
1263 3230 1292 3283 lu
1306 3228 1416 3300 prelata

288 3317 392 3373 babere
407 3319 556 3375 creditoria
571 3319 624 3373 sub
638 3327 715 3373 certo
731 3319 850 3374 termino
866 3319 937 3373 ΧΗ·
951 3318 1072 3382 dierum,
1088 3315 1165 3387 quod
1177 3316 1230 3371 nisi
1242 3315 1314 3371 inira
1328 3332 1415 3388 pres·

288 3407 410 3478 criptum
426 3407 556 3462 redderet
579 3408 732 3462 terminum
757 3408 810 3479 ipsi
839 3406 926 3461 niclrit
947 3404 1110 3475 etamplius
1135 3404 1293 3461 crederent.
1310 3405 1415 3463 luetati

289 3510 354 3549 vero
376 3495 485 3565 arbitri,
512 3504 566 3550 tam
591 3496 655 3551 ville
674 3511 758 3566 quam
782 3496 935 3551 Burclrardi
958 3495 1105 3549 utilitatem
1130 3494 1319 3561 attendentes,
1343 3510 1414 3549 con-

289 3582 438 3638 suluerunt
463 3589 493 3638 ut
517 3584 653 3655 prelatum
674 3584 853 3638 creditoriarn
877 3600 927 3655 pro
946 3589 1059 3637 centum
1076 3579 1147 3634 ext·
1162 3581 1242 3637 libris
1261 3581 1415 3638 subtituto

288 3671 486 3727 invadistionis
505 3674 705 3744 acciperemus.
731 3673 789 3727 Nos
805 3678 911 3741 autem,
934 3672 1050 3727 arbitrio
1064 3685 1163 3725 eorum
1188 3672 1414 3743 acquiescentes,

290 3762 443 3816 creditoris
462 3762 680 3816 invadiationem
712 3763 758 3816 tali
783 3769 880 3816 tenore
903 3763 1063 3833 accepimus
1086 3771 1114 3818 ut
1142 3761 1320 3833 supradictus
1345 3762 1414 3817 llum

291 3849 414 3904 cbardus
428 3858 456 3904 et
469 3850 587 3904 ireretles
600 3852 672 3919 ejus,
689 3866 868 3922 quacumque
879 3851 947 3905 hora
964 3851 1109 3918 voluerint,
1127 3848 1415 3907 lacultatembabeanl

290 3938 447 3994 redimendi
463 3956 469 3993 :
484 3955 535 3993 nos
561 3956 626 3992 veru
643 3938 684 3993 vel
699 3956 880 3995 successores
904 3941 992 3994 nostri
1015 3942 1039 3994 ei
1055 3956 1157 4011 negare
1176 3956 1232 3995 non
1247 3939 1413 4010 poterimus.

288 4028 385 4083 Selula
399 4034 494 4084 autem
510 4030 639 4100 pecunia,
655 4030 785 4085 homines
800 4028 1007 4100 blagrlunenses
1021 4030 1106 4085 soluti
1122 4037 1202 4085 erunt
1217 4026 1415 4099 ajurnmeutia

288 4125 316 4172 et
331 4134 347 4172 a
363 4119 488 4190 periculo
503 4119 672 4190 promulgati
695 4121 892 4188 anathematis,
917 4126 947 4175 el
967 4120 1143 4175 burchardus
1159 4118 1356 4189 tlagrlunensis
1369 4121 1415 4177 vel

290 4207 410 4263 heredes
425 4210 489 4279 ejus
503 4210 615 4280 qualem
631 4210 691 4281 ipse
710 4210 788 4281 prius
802 4208 936 4264 habuerat
948 4210 1095 4264 creditoris
1111 4208 1252 4264 lrabebunt
1270 4206 1415 4264 investitu-

293 4311 364 4363 ram,
384 4302 412 4351 et
431 4298 562 4368 episcopo
590 4297 639 4368 qui
668 4303 734 4351 lunc
757 4298 809 4351 erit
838 4296 931 4351 licebit
958 4313 1007 4351 eos
1027 4303 1160 4368 uuquam
1182 4296 1264 4366 lirina
1283 4294 1415 4352 bominac

287 4385 399 4439 trabere
414 4385 442 4439 in
458 4401 583 4453 causam,
599 4386 689 4439 ‹lonec
703 4384 738 4439 de
759 4385 913 4456 quantitate
936 4385 1085 4440 crerlitorie
1107 4393 1135 4439 et
1153 4385 1274 4440 termino
1288 4384 1414 4455 plenarie

287 4475 360 4530 inter
374 4475 450 4547 ipsos
463 4473 624 4529 tlililnialur.
641 4474 700 4529 lloc
713 4481 807 4530 autent
828 4476 939 4529 silentio
954 4475 1090 4545 preterire
1104 4474 1237 4529 uolumus
1256 4474 1331 4546 quod
1346 4490 1415 4546 pru·

291 4565 394 4619 dietam
412 4566 528 4636 pecunie
550 4581 690 4619 summam
713 4563 748 4619 all
772 4564 975 4620 celebrandum
992 4564 1175 4620 anniversarii
1190 4563 1278 4620 nostri
1293 4562 1414 4634 sinatis

291 4654 373 4710 annia
391 4654 466 4710 diem
481 4655 603 4726 capitulo
618 4653 719 4709 Sancte
733 4654 833 4710 Crucis
852 4654 880 4708 in
900 4653 1084 4709 elemosinam
1107 4654 1293 4724 mouerimus,
1307 4668 1360 4710 nec
1372 4652 1414 4709 ets
