3420 5490
777 1016 923 1078 ctxvttt

817 1300 897 1364 121ss

288 1505 454 1576 neptunum
474 1503 582 1560 deotind
604 1505 620 1560 t
642 1507 830 1575 sauvegarder
855 1522 891 1561 111
907 1505 1032 1576 chapilre
1047 1505 1073 1560 la
1086 1503 1228 1578 propridld
1239 1505 1275 1561 do
1298 1506 1420 1578 lquor·

325 1601 391 1655 tiore
419 1600 454 1654 dc
477 1601 595 1670 vigued
625 1601 779 1657 8111111111
807 1601 919 1666 Loire¹,
946 1601 1053 1656 donnes
1085 1616 1139 1672 per
1167 1601 1214 1656 1111
1237 1600 1356 1657 Herberl
1383 1601 1419 1656 de

325 1699 412 1769 Vitrp,
438 1699 571 1753 nourrier
591 1697 626 1752 de
640 1698 841 1766 Scinio-croix,
864 1697 1046 1754 avocamus
1061 1697 1096 1752 de
1110 1713 1188 1766 cens,
1213 1698 1240 1753 la
1267 1696 1343 1752 dlmc
1369 1712 1420 1753 sur

325 1792 375 1847 des
387 1792 482 1864 vignes
500 1793 516 1847 a
531 1792 685 1847 Combleux
700 1797 728 1848 el
743 1810 787 1848 111
802 1793 926 1849 maisons
941 1793 979 1848 du
995 1791 1104 1848 ololtrc.

359 1936 447 2007 (Orig.
463 1953 486 1992 1.
503 1938 599 2007 perch.
616 1938 702 1991 Areh.
719 1936 757 1991 du
771 1936 876 2006 Loiret,
888 1937 922 1994 G.
938 1936 1012 2001 2tt;
1029 1935 1154 1992 mention
1169 1935 1340 2008 Scriptum).

336 2145 540 2236 Allanassesl,
561 2141 618 2214 Ilei
649 2140 749 2233 gratia
778 2141 1018 2213 Aurelianensis
1044 2140 1231 2234 episcopus,
1265 2142 1417 2214 omnibus

292 2270 457 2348 presentes
485 2255 606 2327 litteras
648 2254 845 2347 inspecturis
875 2257 1010 2328 solutam
1041 2254 1072 2326 in
1106 2255 1257 2328 Domino.
1287 2257 1419 2329 Noverit

292 2370 482 2442 universitas
496 2383 598 2443 vostro
614 2372 698 2462 rpunrl
710 2394 784 2440 cum
800 2372 972 2441 llerlvortvrs
988 2372 1028 2441 rle
1039 2369 1178 2442 Vitriaoo
1192 2373 1277 2443 lvoue
1292 2395 1414 2444 memo-

291 2488 347 2568 rio,
379 2487 618 2557 Aurelianensis
638 2485 775 2557 ecclesio
794 2487 957 2576 ‹prunnrlnm
982 2484 1151 2570 nutricius,
1170 2489 1212 2558 ob
1232 2486 1417 2558 rcrncdinm

291 2601 395 2672 anime
428 2599 590 2671 Benedicti
621 2598 947 2690 qnonrlnmavuuculi
970 2599 1032 2681 sui,
1065 2611 1097 2670 ct
1126 2623 1197 2684 sue,
1234 2623 1361 2672 necnon
1381 2615 1415 2672 et

292 2727 456 2805 paventum
488 2737 632 2795 suorum,
666 2716 705 2784 ad
732 2736 844 2783 eorum
865 2725 898 2783 et
928 2734 1021 2783 suum
1049 2711 1303 2784 anniversarium
1323 2714 1417 2785 annis

291 2826 424 2916 singuiis
454 2829 675 2908 recolendum,
705 2829 786 2896 duos
816 2825 937 2897 solidos
971 2848 1090 2897 census
1125 2849 1198 2896 cum
1230 2824 1355 2898 decima
1384 2826 1415 2897 iu

292 2940 393 3010 vineis
414 2943 497 3030 apud
512 2939 726 3022 Combleinm,
744 2951 776 3011 et
789 2942 987 3011 domossuas
999 2938 1077 3010 sitas
1096 2937 1128 3008 in
1140 2941 1282 3010 clanstro
1297 2943 1415 3012 Sancte

292 3055 414 3140 Crucis,
435 3068 468 3126 ot
487 3057 619 3147 iusuper
635 3067 759 3146 septem
779 3053 938 3147 quarteria
960 3054 1121 3126 vinearum
1142 3056 1226 3146 apud
1244 3056 1318 3126 llool
1334 3056 1415 3125 ultra

293 3169 440 3262 Ligerim,
466 3170 578 3263 partim
610 3170 641 3240 in
672 3170 800 3242 censiva
822 3170 909 3243 Beati
935 3169 1075 3254 Evrtrcii,
1096 3168 1210 3260 partim
1232 3168 1265 3239 in
1286 3171 1416 3242 censiva

294 3288 434 3375 llugonis
450 3287 489 3355 do
511 3290 575 3357 llua
591 3290 676 3355 Nova
697 3285 810 3356 militis
825 3284 1015 3368 constituta,
1038 3283 1257 3355 Aurelianensi
1278 3284 1416 3355 ecclesie

293 3397 533 3488 inperpetuum
562 3400 765 3478 contulisset,
794 3400 831 3467 ad
856 3420 968 3487 preces
991 3396 1095 3489 ipsius
1114 3395 1256 3466 llcrberti
1277 3396 1416 3466 Aurelia-

299 3532 399 3579 nense
430 3509 603 3600 capitulum
638 3513 698 3580 lieo
731 3511 838 3580 omnia
859 3510 1012 3599 magistro
1028 3508 1192 3590 Gaulrido,
1214 3510 1323 3599 nepoti
1342 3531 1414 3590 suo,

297 3618 431 3689 eontulit
450 3633 482 3689 ot
510 3618 675 3688 concessit
704 3620 809 3706 quoad
843 3618 960 3687 viveret
977 3616 1184 3707 possidenda.
1207 3618 1323 3685 Verum
1343 3612 1417 3704 quia

297 3730 380 3799 idern
402 3728 585 3810 Gaulridus,
605 3731 643 3798 ad
675 3751 788 3818 preces
814 3731 867 3818 pie
895 3725 1127 3797 recordationis
1155 3730 1300 3816 llugonis
1319 3748 1418 3814 quon-

296 3844 366 3913 dam
387 3840 624 3912 Aurelianensis
641 3840 797 3932 episcopi,
813 3838 1053 3930 predecessoris
1065 3838 1179 3925 nostri,
1199 3841 1322 3911 dictum
1342 3860 1418 3909 ocn-

296 3980 453 4027 eumcum
475 3954 598 4026 decima
619 3968 650 4026 et
672 3967 793 4025 taxatas
814 3955 929 4025 domos
948 3952 1169 4025 Aurelianeusi
1186 3951 1325 4025 ecclesie
1344 3974 1417 4024 ces·

297 4085 394 4154 serat,
432 4083 580 4142 metuens
602 4069 831 4140 Aurelianense
868 4067 1043 4160 capitulum
1078 4091 1097 4138 a
1133 4064 1416 4160 parentibusdicti

297 4185 455 4270 Goulredi,
474 4183 501 4256 si
521 4185 627 4275 ipsum
648 4183 794 4255 seisituru
815 4184 855 4253 de
874 4181 1061 4253 memoratis
1076 4182 1183 4252 vineis
1202 4179 1233 4251 in
1250 4203 1309 4251 ouo
1329 4178 1418 4250 obitu

296 4298 487 4383 invenirent,
510 4297 571 4369 sibi
591 4299 657 4370 Acri
679 4296 890 4389 prejudicium
910 4309 965 4366 aut
985 4317 1168 4385 gravamen,
1191 4317 1248 4385 pro
1267 4291 1419 4383 predictis

296 4502 714 4518 .......--———-——-·-·-·——---—

328 4619 337 4654 ¹
358 4623 399 4676 Au
421 4619 472 4675 dos
495 4635 502 4675 :
529 4617 629 4674 lloucl.
645 4649 680 4659 -
699 4618 737 4675 La
758 4616 885 4691 paroisse
907 4616 943 4673 de
958 4617 1017 4674 Bou
1032 4623 1074 4674 111
1101 4615 1302 4676 acluollemenl
1315 4613 1423 4672 limilde

295 4733 343 4789 par
358 4717 383 4774 la
395 4716 487 4774 Loire.
