3420 5490
766 744 805 758 ..
826 708 887 774 γη)
907 744 945 755 -

292 832 406 904 titteris
429 833 566 904 uidimus
596 834 769 915 contineri,
793 832 1020 903 ordinaverunt
1040 832 1072 903 iu
1092 837 1179 905 hunc
1202 835 1349 917 modum,
1380 846 1418 905 ut

292 944 414 1017 sciticet
436 958 524 1018 cte...
546 944 617 1016 sine
648 944 801 1017 ditatione
826 959 859 1016 et
885 943 1100 1017 diminutione
1124 949 1249 1017 solvero
1268 960 1417 1019 teneren-

291 1073 352 1129 tur.
373 1064 437 1132 Nos
456 1074 563 1131 nutem
578 1062 687 1131 omnia
708 1082 770 1151 que
784 1082 882 1150 super
901 1058 1068 1150 premissis
1086 1058 1268 1151 npredictis
1286 1056 1417 1132 arbitris

290 1172 435 1243 ordinatu
454 1187 531 1243 sunt
550 1186 582 1242 et
601 1185 719 1244 statuta
732 1175 961 1264 approbantes,
976 1194 1014 1243 en
1031 1170 1221 1243 auctoritate
1237 1170 1416 1265 apostolica

290 1284 385 1354 nohis
403 1287 437 1354 in
452 1287 514 1354 hnc
535 1299 624 1376 parte
643 1286 819 1355 commisse
833 1287 1073 1355 confirmamus.
1097 1287 1130 1353 Ιιι
1145 1286 1239 1375 cujus
1253 1286 1301 1355 rei
1321 1284 1413 1355 testi-

290 1395 433 1467 moniurn
462 1409 644 1487 presentem
679 1398 826 1489 paginam
858 1395 1035 1487 sigillorum
1067 1409 1251 1467 nostrorum
1278 1394 1414 1469 {ecimus

289 1508 467 1581 munimine
509 1509 665 1581 roborari.
709 1514 824 1581 Datum
872 1532 957 1580 utino
998 1508 1129 1581 Domini
1181 1512 1259 1579 MCC
1300 1523 1415 1581 octnro

287 1622 428 1708 decimo,
447 1646 559 1694 mense
578 1622 737 1715 ianuario,
769 1622 802 1694 iu
819 1622 960 1696 crastino
985 1627 1171 1695 octabarum
1200 1621 1312 1695 Sancti
1336 1622 1414 1697 Viu-

290 1758 407 1807 cencu.

788 2046 918 2107 CLXXX

773 2316 833 2378 ntat
855 2314 935 2379 tutu

291 2567 329 2621 Le
344 2568 469 2638 cuspitrc
488 2573 514 2621 et
530 2568 556 2621 te
570 2566 681 2621 curedo
692 2565 802 2635 Ncunp‚
811 2566 974 2635 d'urrepurt,
987 2571 1014 2620 et
1028 2564 1220 2619 i'nrchidincrs
1232 2564 1268 2619 de
1282 2564 1415 2635 Solopne,

326 2662 435 2717 d’rutre
449 2668 521 2735 part,
543 2661 710 2715 chemissem
734 2661 860 2731 l’euequc
882 2659 1029 2714 ‹t’0rtesns
1053 2675 1164 2714 connum
1184 2658 1289 2715 urbitrs
1302 2658 1339 2714 dc
1349 2658 1415 2715 leur

325 2755 462 2811 differenti
477 2771 513 2810 ru
535 2756 609 2825 sujct
636 2756 675 2810 du
699 2755 772 2811 droit
791 2755 826 2810 de
840 2756 896 2826 pttc
918 2755 934 2809 i
957 2754 1068 2824 Neunss,
1092 2752 1214 2809 reclamo
1235 2769 1285 2825 pur
1300 2754 1414 2811 t’srciri·

327 2851 431 2909 diacre.

533 2989 624 3061 (Orip.
640 3006 663 3045 ι.
680 2988 776 3063 purch.
790 2989 876 3045 Arois.
888 2988 927 3045 du
939 2988 1042 3062 boiret,
1053 2966 1089 3047 u(
1102 2988 1184 3059 ³5³.)

334 3212 401 3300 ligo
420 3206 567 3290 (larinus,
590 3205 834 3277 archidiaconus
848 3206 1022 3296 Sigeionie,
1043 3221 1154 3278 notum
1169 3210 1240 3277 roto
1255 3206 1323 3279 fleri
1341 3205 1414 3279 uni·

290 3326 395 3394 uersis
415 3325 500 3414 quoti
520 3344 593 3392 curn
615 3320 698 3390 inter
717 3319 892 3412 capitutum
909 3318 1137 3392 Aurelianense
1154 3333 1230 3393 et...
1254 3320 1416 3413 presbite-

289 3458 359 3506 rum
381 3439 421 3505 de
451 3432 553 3521 Nnim,
584 3456 621 3504 er
651 3456 714 3503 une
746 3446 847 3523 purte,
870 3447 903 3502 et
929 3456 992 3519 me,
1023 3456 1060 3505 er
1094 3436 1206 3520 ultera,
1238 3448 1417 3507 uerteretur

289 3549 460 3621 contencio
480 3571 577 3640 super
597 3545 822 3639 procuratione
836 3570 932 3638 quum
946 3546 1044 3617 nuictsi
1057 3546 1167 3619 ueteri
1187 3570 1204 3618 ι
1224 3548 1312 3619 dicto
1327 3572 1418 3643 pres·

290 3663 392 3734 bitere
407 3666 605 3744 asserebam,
624 3663 801 3751 capitutum
824 3674 857 3730 et
877 3660 961 3731 tuen
978 3659 1149 3752 presbiter,
1170 3684 1208 3732 er
1229 3684 1291 3733 uns
1312 3674 1416 3753 purte,

289 3791 322 3847 ct
336 3798 410 3866 epo,
425 3798 462 3845 er
476 3779 587 3855 uitem,
606 3774 637 3842 in
659 3773 874 3844 uetueruoiiem
895 3788 1017 3863 petrum
1037 3787 1070 3844 et
1089 3772 1258 3843 domiuum
1278 3776 1415 3867 iilaeso-

290 3889 389 3979 seml,
407 3888 667 3957 Aurelianensem
686 3882 889 3977 episcopum,
910 3884 1207 3977 compromisimus,
1227 3886 1419 3979 promitten-

292 4017 343 4074 tes
373 4006 436 4073 sub
470 4024 551 4094 penu
581 4002 694 4071 decern
721 4000 872 4070 librarum
901 4004 988 4091 quoti
1014 4000 1272 4086 otiscrmbimus.
1308 4016 1418 4075 ratum

292 4117 483 4187 'iubebimus
514 4131 546 4186 ct
580 4120 705 4185 tirntutn
737 4112 889 4205 quicquid
919 4113 1003 4185 idem
1037 4114 1211 4208 episcopus
1236 4130 1419 4209 supertotn

288 4235 402 4302 entium
427 4229 645 4301 controversie
676 4225 799 4298 tinxerit
823 4229 1060 4311 ordinantiun13
1092 4230 1189 4299 «iubet
1217 4242 1327 4300 autem
1353 4228 1416 4303 istu

288 4341 459 4413 contencio
479 4342 562 4411 inim
592 4340 717 4411 instans
740 4344 857 4409 testum
886 4338 1039 4409 Omnium
1065 4344 1256 4411 Sanctorum
1274 4340 1418 4433 plenarie

288 4455 444 4537 tiit'tiniri3
487 4453 627 4545 alioquin
663 4468 781 4524 extunc
812 4452 1059 4543 compromissio
1090 4476 1154 4523 ιιοιι
1203 4466 1323 4537 teuent,
1353 4454 1417 4526 nisi

290 4569 447 4639 teutsinus
478 4572 518 4639 oe
558 4590 722 4637 ‹zottscnsu
761 4566 903 4657 puccium
943 4579 1142 4657 prorogetur.
1184 4572 1299 4637 Actum
1330 4588 1417 4639 nunu

266 4682 418 4754 'ltumini
438 4684 513 4753 titt:
531 4678 769 4764 nonodecimo,
789 4702 902 4750 inerme
915 4678 1011 4749 maio.
