3420 5490
821 728 1000 801 ..158-

349 862 604 955 supradictarum
624 862 834 936 ecclesiarum
858 877 891 935 et
910 862 1087 934 servientes
1118 860 1247 933 cornitis
1277 864 1361 956 apul
1383 865 1471 956 pluu-

350 982 436 1049 tltam
456 980 497 1049 tle
517 978 692 1070 lurreriis[
827 980 840 1070 ]
869 992 901 1050 et
930 976 972 1047 ibi
989 975 1111 1069 justitia
1132 976 1293 1048 rrreeliante
1320 979 1472 1049 terrnina-

348 1096 491 1177 buntur;
512 1095 601 1186 quutl
636 1093 664 1164 si
696 1096 777 1163 lurtc
806 1091 926 1180 ilritletu
958 1090 1119 1179 lerminari
1152 1115 1217 1162 non
1249 1091 1412 1182 potuerint
1439 1093 1469 1163 in

347 1220 455 1277 nostra
481 1204 641 1297 presentia
666 1204 829 1276 finientur.
852 1207 944 1290 Quod
962 1218 995 1275 ul
1016 1219 1118 1274 raturn
1135 1203 1176 1275 sit
1204 1218 1236 1275 et
1256 1207 1341 1274 nulla
1369 1209 1472 1297 possit

347 1317 502 1409 deinceps
521 1316 682 1388 obliuione
713 1317 813 1388 deleri
847 1340 981 1409 presens
1008 1318 1164 1410 scripturn
1196 1316 1337 1388 nominis
1368 1316 1470 1389 nostri

346 1445 508 1504 caractere
526 1430 723 1523 signavimus
753 1445 784 1503 et
805 1430 901 1523 sigilli
935 1431 1036 1504 nostri
1056 1430 1249 1503 authoritate
1279 1435 1472 1504 corrobora-

348 1568 432 1615 mus.
462 1549 574 1615 letum
594 1542 722 1636 publice
754 1542 947 1629 Aurelianis,
975 1565 1060 1614 antro
1074 1543 1229 1615 incarnati
1249 1542 1343 1616 Verlti
1371 1548 1468 1631 tlte,

347 1656 438 1749 regni
460 1657 560 1745 nostri
579 1661 633 1744 562
664 1657 847 1729 nstanttuos
867 1661 905 1728 ln
920 1657 1037 1751 palatiu
1057 1675 1169 1743 nostro
1189 1682 1325 1750 quorurn
1350 1681 1470 1755 suppo·

348 1771 407 1840 sita
424 1785 500 1862 sunt
513 1774 645 1862 populna
664 1784 696 1845 et
710 1769 813 1862 signa.
828 1774 861 1840 S.
881 1769 1193 1859 eonritisllpeolralpli
1208 1770 1339 1865 elapileri
1355 1770 1469 1842 nostri.

347 1887 381 1954 S.
415 1884 570 1970 Guirlunis
603 1884 794 1973 buticularii.
819 1889 852 1973 S.
886 1884 998 1956 llatlrei
1034 1883 1212 1976 saurentii.
1255 1888 1304 1977 [8,
1342 1887 1471 1978 llatlrei]

347 1996 590 2068 constabularii.
607 2000 685 2069 Data
704 1996 895 2081 cancellario
915 2001 1015 2088 pullo.

835 2346 980 2408 Lxxxttt

871 2593 950 2676 ttt3

347 2822 532 2882 Transuetlon
548 2829 626 2880 entre
641 2822 835 2879 Salute-Crolx
857 2829 883 2878 et
908 2821 1017 2887 llulrert
1039 2822 1075 2878 de
1100 2822 1256 2878 l‘econuillo
1280 2822 1388 2895 reptant
1409 2822 1469 2905 plu·

680 2921 773 2978 sieurs
786 2926 932 2977 couturnos
946 2920 981 2976 tle
996 2920 1154 2994 Villequop.

575 3069 667 3144 (Orip.
685 3088 708 3128 s.
725 3069 821 3160 percu.
840 3069 925 3127 llrclr.
940 3069 979 3139 (lu
995 3069 1098 3141 loiret,
1114 3071 1148 3129 tt.
1163 3069 1237 3141 iim·

797 3282 1019 3328 crnuortnnuuu

391 3468 460 3552 Ego
476 3466 565 3552 llugo
578 3461 822 3532 Aurelianensis
835 3463 975 3533 ecclesie
990 3464 1132 3533 decanus
1146 3476 1313 3553 tutumque
1325 3465 1470 3553 ejusdent

346 3574 486 3645 ecclesie
507 3573 694 3664 capitulum.
716 3579 831 3645 Noturn
853 3575 987 3645 lacinrus
1009 3574 1160 3644 omnious
1183 3588 1245 3644 tarn
1267 3576 1471 3666 presentibus

345 3711 441 3778 ‹puam
470 3689 596 3769 tuturis,
618 3690 702 3777 qrrotl
723 3710 797 3757 curn
817 3686 900 3758 inter
918 3710 979 3758 nos
1009 3702 1040 3758 et
1062 3690 1235 3758 lluberturn
1257 3688 1296 3758 tle
1316 3691 1472 3787 Spesunr·

345 3800 417 3870 uilla
447 3798 612 3871 contentio
642 3804 696 3869 uin
717 3815 895 3870 versaretur
915 3823 1012 3891 super
1032 3799 1217 3871 lrorninilous
1240 3802 1281 3871 tle
1302 3798 1372 3871 uilla
1392 3799 1471 3873 Gelli

345 3937 427 4004 quos
455 3912 486 3983 in
508 3912 596 3984 curia
616 3936 673 3984 sua
705 3913 867 4002 justiciare
885 3928 971 3985 extra
993 3913 1168 4005 predictum
1191 3916 1296 3984 rillaur
1322 3916 1361 3984 atl
1382 3938 1473 3986 uran-

345 4029 456 4099 siones
475 4052 551 4099 suas
578 4030 618 4098 tle
634 4030 706 4119 jure
733 4028 793 4099 silu
821 4028 1029 4120 contingente
1058 4027 1192 4113 diceret,
1213 4042 1245 4100 et
1265 4028 1471 4101 nretlictatern

344 4165 426 4237 aque
438 4155 470 4212 et
491 4142 650 4233 piscature
669 4155 825 4233 querutum
840 4141 1034 4213 territorium
1052 4145 1092 4214 de
1106 4141 1177 4213 uilla
1199 4142 1278 4213 Galli
1291 4142 1473 4215 extenditur

344 4255 393 4326 sui
413 4255 497 4346 juris
520 4278 594 4326 esse
613 4271 785 4339 assereret,
807 4255 901 4326 nobis
928 4256 959 4325 iu
980 4258 1177 4326 eontrarium
1199 4258 1470 4348 proponentibus,

344 4368 482 4440 consilio
502 4372 659 4438 lionorurn
680 4368 817 4439 uirorurn
839 4372 995 4441 internos
1014 4384 1045 4439 ot
1061 4368 1166 4462 ipsunt
1187 4368 1235 4441 sic
1253 4369 1470 4463 compositu·

343 4496 404 4552 est.
429 4482 625 4572 lloeugnouit
657 4481 751 4570 igitur
783 4485 989 4553 turorlietatetn
1015 4482 1197 4573 supradicte
1227 4482 1414 4574 piscationis
1437 4499 1471 4555 et

343 4620 425 4687 aqrre
440 4601 541 4666 nostri
555 4595 636 4687 juris
656 4600 758 4665 lusisse
777 4609 810 4665 et
827 4619 900 4667 esse
920 4599 1050 4671 sluttere,
1077 4604 1111 4666 ct
1126 4619 1163 4666 ea
1184 4618 1259 4668 curu
1273 4620 1332 4666 sua
1349 4594 1470 4667 ruotlic·

344 4724 408 4780 tate
427 4708 659 4779 conruruuicari
679 4709 789 4779 uoluit.
819 4709 851 4778 Si
873 4733 946 4781 uero
960 4732 1060 4799 ‹puurn
1083 4732 1165 4799 anua
1190 4708 1374 4781 euuunuuis
1393 4732 1469 4781 csse
