3420 5490
765 597 941 660 -136-

290 722 393 812 penda
410 724 504 792 tuerit
530 721 592 813 ipsi
612 725 652 793 de
671 745 731 792 suo
754 725 916 802 iacereut;
934 721 1127 794 decimarius
1146 745 1234 808 vero,
1254 722 1309 813 qui
1329 724 1416 794 deci·

291 855 374 901 utam
392 836 432 902 ad
448 855 598 924 prauearn
619 837 743 903 delerre
754 835 899 915 deberet,
917 835 1043 903 anobis
1063 848 1094 903 et
1107 835 1147 903 ab
1162 831 1224 903 ibis
1244 835 1415 926 ponendus

288 955 389 1027 esset,
419 957 452 1015 et
472 943 616 1036 utrisque
636 944 820 1017 tidetitatenr
840 950 970 1018 taceret.
997 947 1088 1028 Quod
1119 949 1146 1018 si
1178 950 1243 1018 duo
1272 949 1413 1040 ponendi

291 1069 414 1140 essent,
436 1055 497 1150 ipsi
518 1081 616 1128 unum
637 1074 668 1128 et
687 1082 747 1129 nos
766 1061 901 1129 aiterum
922 1081 1136 1149 poneremus,
1167 1073 1199 1130 et
1218 1082 1298 1129 suus
1318 1061 1414 1130 nobis

289 1184 321 1238 ot
352 1184 464 1240 noster
492 1169 555 1241 ibis
587 1169 771 1242 tiuetitatern
806 1174 939 1255 iaceret,
967 1175 1051 1261 quod
1086 1170 1222 1242 tidetiter
1254 1171 1412 1243 decimam

290 1296 506 1352 conservaret.
525 1285 603 1352 Cum
624 1296 730 1354 autern
746 1282 957 1354 ‹ustodieode
976 1304 1094 1373 grance
1113 1284 1266 1354 custodes
1291 1305 1413 1375 poueu·

292 1407 355 1477 tur,
372 1417 433 1465 nos
448 1410 595 1465 nostrum
615 1417 772 1487 ponemus
787 1412 818 1466 et
837 1398 877 1465 de
892 1412 1001 1467 nostra
1020 1410 1108 1487 parte
1125 1399 1361 1481 conducemus,
1380 1410 1413 1468 ot

290 1503 370 1596 ipsis
390 1505 557 1576 monacbis
572 1507 757 1578 ttuotitatem
778 1506 897 1592 saciet,
918 1521 951 1578 et
969 1507 997 1577 si
1012 1509 1076 1597 ipsi
1096 1506 1245 1578 monachi
1266 1507 1412 1579 sortien-

290 1633 355 1688 tem
376 1618 541 1710 posuerint
568 1624 608 1690 ad
634 1621 813 1691 custodiam
835 1620 936 1712 ipsius
955 1643 1085 1711 grauee,
1115 1619 1209 1692 nobis
1228 1621 1412 1692 fidelitatem

291 1733 397 1801 faciet.
425 1731 456 1801 Si
486 1746 594 1802 autem
625 1733 685 1824 ipsi
712 1737 905 1803 rnouacbunr
926 1756 1046 1824 ponere
1065 1732 1223 1806 volueriut
1242 1736 1281 1804 ad
1306 1749 1414 1805 custo·

293 1844 378 1914 diam
405 1866 536 1936 grance,
569 1844 709 1931 faciaut;
745 1845 838 1917 nobis
868 1862 972 1918 tameo
1000 1870 1057 1937 per
1084 1847 1279 1918 seruientem
1314 1869 1413 1917 uourn

293 1957 478 2029 ductitaten
497 1959 602 2029 iaciat.
623 1963 660 2029 Et
679 1959 707 2029 si
726 1982 785 2030 nos
799 1963 993 2030 canonicum
1015 1973 1159 2031 nostrum
1175 1963 1214 2030 ad
1233 1960 1414 2031 custodiam

291 2092 409 2162 graneo
439 2094 559 2164 ponere
591 2071 800 2157 uoluerimus,
825 2070 972 2143 similiter
1001 2095 1057 2165 per
1087 2096 1187 2143 unum
1220 2071 1414 2144 seruientem

292 2184 459 2257 rnouacbis
487 2185 671 2258 tidetitatenr
699 2185 803 2258 saciat.
827 2190 999 2278 Postquam
1023 2210 1098 2259 vero
1129 2186 1253 2260 decima
1278 2210 1414 2261 excussa

291 2302 399 2387 tuerit,
422 2323 497 2372 curn
525 2300 611 2372 rnina
636 2300 809 2385 dividatur,
830 2314 861 2372 et
881 2300 1050 2394 terragium
1078 2299 1226 2373 similitor
1244 2303 1412 2395 equaliter.

294 2418 359 2485 boe
380 2430 508 2506 parturn
530 2418 647 2486 facturn
662 2432 712 2487 est
727 2416 759 2486 iu
778 2416 918 2508 capituto
933 2421 1051 2487 Sancte
1071 2418 1182 2488 Crucis
1200 2419 1233 2488 in
1253 2419 1415 2510 presentia

294 2526 403 2598 domni
431 2527 579 2598 Ludovici
601 2529 700 2618 regis,
721 2551 806 2598 auno
831 2531 922 2618 regni
940 2528 990 2599 sui
1019 2533 1071 2612 ΙΙΙ,
1092 2544 1241 2620 presente
1268 2535 1415 2603 iohanne

294 2639 513 2710 burebaoensi
538 2639 705 2730 episeopo.
723 2644 889 2710 diruerunt
905 2642 1000 2711 etiarn
1021 2656 1134 2724 testes,
1155 2658 1297 2732 exparte
1315 2666 1415 2714 cauo·

294 2751 439 2822 uicorurn
470 2776 478 2820 ε
505 2755 686 2843 Stephanus
722 2755 876 2833 decanus,
912 2755 1161 2824 bretteorbatdus
1193 2755 1414 2839 subdecanus,

294 2867 455 2957 seguinus
487 2882 671 2957 precentor,
705 2869 890 2937 buchardus
927 2865 1187 2951 archidiaconus,
1217 2865 1416 2941 Gisiebcrtus

295 2978 563 3064 archidiaconum
588 3002 625 3051 er
642 2994 730 3072 parte
746 3004 820 3052 vero
840 2981 980 3053 ecclesie
999 2980 1106 3053 Sancti
1127 2981 1212 3053 Petri
1237 2985 1417 3055 Carnuten·

294 3100 340 3172 sis
361 3123 370 3170 z
388 3099 568 3171 Wibebnus
590 3103 702 3182 abbas,
727 3102 905 3171 Wittebuus
930 3103 1113 3192 prepositus
1127 3101 1266 3174 ecclesie
1290 3106 1410 3175 Carno-

294 3211 408 3299 teusis‚
453 3217 542 3303 {lugo
582 3213 777 3304 prepositus,
822 3218 911 3303 ltugo
952 3213 1198 3286 archidiaconus
1240 3215 1417 3299 blesensis,

296 3325 460 3417 Phiiippus
491 3328 695 3396 subdecanus
733 3324 836 3396 saneti
873 3325 998 3410 aniani,
1035 3326 1187 3397 Warinus
1222 3327 1416 3419 capicerius,

295 3441 446 3509 Salomon
473 3437 648 3509 canonicus
672 3454 783 3508 sancte
804 3438 908 3509 barie.
938 3443 972 3509 ln
998 3442 1212 3511 conducendo
1238 3439 1417 3532 presbitero

295 3551 441 3624 canonici
457 3564 566 3623 sancte
587 3552 698 3623 Crucis
714 3551 810 3621 niebit
830 3555 964 3623 dabunt.
