3420 5490
762 676 882 739 -soo
903 706 940 723 -

288 805 391 872 solret
422 800 528 870 dietus
558 799 735 870 eanonicus
766 798 910 889 quolibet
934 821 1020 868 auno
1052 799 1083 868 in
1120 798 1291 871 vindemiis
1327 798 1415 870 dieto

289 912 466 1007 presbitero
485 925 518 982 et
546 913 616 1001 ejus
646 909 892 981 successoribus
924 909 1065 980 indicta
1095 910 1235 983 ecelesia
1255 914 1415 983 canonice

288 1026 497 1101 instituendis
521 1026 664 1118 quinquo
683 1027 804 1098 solidos
830 1025 1054 1116 parisiensium
1092 1025 1245 1117 quamdiu
1275 1026 1415 1097 terruerit

288 1142 446 1212 desimam
478 1139 708 1231 supradictam,
745 1152 777 1208 et
807 1161 864 1229 pro
901 1137 995 1208 dictis
1027 1137 1170 1229 quinque
1204 1136 1320 1210 solidis
1353 1136 1414 1210 erit

288 1252 441 1324 immunis
459 1254 545 1322 idem
565 1250 755 1332 canonieus,
775 1248 928 1341 quamdiu
945 1247 1062 1318 ‹lietam
1078 1248 1238 1319 decimam
1253 1252 1408 1334 tenuerit,

287 1388 304 1435 s
337 1362 541 1454 prestaeione
577 1360 677 1433 modii
702 1358 890 1453 supradicti.
923 1364 1074 1445 Domum,
1110 1363 1249 1432 cedente
1280 1362 1329 1431 uel
1356 1363 1414 1433 de·

288 1478 424 1545 cedente
445 1473 589 1565 predicto
617 1472 755 1545 Guiardo
775 1473 996 1545 concanonico
1025 1487 1149 1557 nostro,
1181 1477 1291 1545 dietus
1316 1496 1407 1566 pres-

288 1589 371 1662 biter
395 1587 449 1681 qui
481 1610 568 1659 nurus
596 1602 648 1660 est
680 1586 712 1659 in
746 1590 832 1660 diota
851 1586 988 1660 eeclesia
1007 1601 1041 1660 et
1063 1589 1134 1680 ejus
1152 1610 1363 1661 suceessores
1380 1590 1413 1660 in

287 1709 400 1779 eadem
415 1706 555 1777 ecclesis
583 1704 739 1775 senonice
766 1701 908 1773 instituti
934 1700 1056 1773 dietum
1075 1703 1220 1774 modium
1240 1701 1304 1773 uiui
1325 1726 1413 1774 anno

288 1819 429 1910 quolibet
450 1817 481 1887 in
503 1816 673 1888 vindemiis
688 1840 786 1908 super
805 1815 888 1886 dieta
911 1814 1034 1887 decima
1053 1830 1170 1887 ertone
1189 1815 1369 1909 pereipieut
1380 1832 1415 1890 et

289 1935 463 2017 habebunt,
491 1944 584 2021 prout
611 1929 642 1999 in
662 1929 856 2021 quibusdam
876 1932 998 2001 nostris
1016 1928 1088 2000 aliis
1103 1927 1217 2001 litteris
1239 1952 1338 2022 super
1352 1932 1416 2003 lroe

288 2046 448 2117 coniectis
469 2043 596 2136 plenius
623 2043 818 2115 continetur.
838 2047 872 2113 ln
894 2045 988 2133 ouius
1003 2042 1049 2114 rei
1067 2043 1255 2114 memoriam
1272 2057 1305 2114 et
1324 2042 1416 2115 testi·

288 2156 432 2228 monium
449 2156 653 2249 presentibus
673 2155 788 2227 litteris
808 2155 953 2247 sigilium
984 2171 1130 2227 nostrum
1145 2157 1298 2228 duximus
1316 2178 1415 2249 appo·

289 2273 444 2343 nendum.
473 2273 590 2341 Datum
619 2292 705 2341 auno
734 2268 862 2340 Domini
890 2268 1064 2340 millesimo
1094 2268 1320 2341 ducentesimo
1341 2272 1415 2342 lllll

288 2382 439 2477 septimo,
460 2385 513 2455 die
528 2383 614 2475 iouis
633 2398 705 2475 post
719 2382 884 2456 esuiratem
906 2386 1023 2455 testum
1038 2383 1147 2456 Sancti
1162 2382 1345 2456 Benedicti.

793 2775 913 2838 CCGXL

723 3074 979 3158 irruiturum

288 3342 376 3397 Vente
388 3356 424 3396 nu
439 3340 574 3412 chapitre,
590 3355 640 3411 par
654 3340 721 3394 isan
733 3339 859 3408 Palotau,
870 3338 905 3393 do
914 3354 960 3393 sss
970 3338 1057 3394 droits
1067 3354 1117 3395 sar
1126 3338 1282 3397 ladimede
1295 3340 1415 3401 lienus.

501 3486 593 3557 (Oris.
614 3503 637 3541 s.
658 3485 754 3557 purch.
782 3483 867 3543 Arelr.
883 3484 921 3540 du
937 3484 1042 3557 loiret,
1072 3486 1107 3543 G.
1123 3484 1199 3552 mo).

335 3740 498 3812 Universis
519 3752 684 3831 presentes
704 3736 825 3808 litteras
845 3737 1039 3829 inspecturis
1051 3738 1198 3810 oldoialis
1216 3740 1417 3817 nurislure·

290 3852 444 3925 lianeusis
463 3868 495 3923 et
513 3852 764 3923 archidiaconus
776 3850 970 3921 soliacensis
984 3850 1016 3921 iu
1027 3850 1164 3924 ecelesia
1179 3854 1414 3943 Aurelianensi,

289 3971 425 4041 salutem
444 3966 476 4037 iu
497 3969 649 4038 Domino.
671 3965 827 4038 Noveritis
843 3970 927 4058 quod
955 3989 1063 4038 eoram
1094 3970 1192 4039 nobis
1217 3968 1416 4045 constitutus

287 4086 451 4153 dolrannes
466 4080 571 4150 dictus
594 4083 753 4159 l'uleteau
776 4078 859 4150 tilius
882 4080 1035 4150 delluuoti
1067 4078 1219 4151 (lantfridi
1249 4084 1412 4169 l’aieteau‚

288 4192 450 4285 armigeri,
469 4206 667 4284 spontaneus
687 4216 749 4263 non
766 4206 898 4263 coactus
919 4192 1124 4266 medietatem
1144 4207 1265 4267 tractus
1289 4196 1417 4271 tenuo

288 4312 329 4380 do
349 4308 458 4391 viana,
478 4330 574 4398 quarn
597 4309 772 4397 capitulum
794 4306 1020 4378 Aurelianense
1046 4320 1133 4379 tenet
1156 4320 1188 4379 et
1217 4312 1363 4401 possidet
1382 4310 1415 4383 in

288 4423 372 4493 dieta
392 4420 555 4512 parroelris
575 4422 686 4502 Visun,
711 4422 890 4491 cumomni
907 4422 978 4510 jure
995 4434 1028 4491 et
1047 4421 1191 4493 dominio
1211 4426 1298 4513 quod
1319 4428 1417 4499 lralte·

291 4540 343 4606 bat
363 4539 396 4605 iu
416 4537 501 4606 diets
521 4537 659 4619 decima,
681 4534 824 4625 prurlioto
849 4533 988 4625 capitulo
1004 4534 1035 4604 in
1052 4549 1240 4628 perpetuum
1259 4536 1415 4610 admorti-

290 4649 396 4721 lirauit
409 4663 441 4720 et
461 4646 614 4739 quiequid
631 4648 727 4739 juris,
749 4646 895 4734 dominii,
918 4648 1124 4739 proprietatis
1141 4665 1174 4721 et
1198 4648 1416 4741 possessionis
