3420 5490
786 1089 949 1150 txxxvn

563 1388 714 1458 Orldnns,
734 1389 795 1471 [au.
813 1388 844 1452 lo
871 1389 913 1452 l⁰‘
927 1389 1075 1472 octobre]
1091 1389 1170 1454 tlte

298 1672 358 1726 trun
383 1682 433 1734 par
462 1667 589 1739 t’cchoo
623 1666 753 1723 blrnnssd
775 1667 790 1722 d
812 1666 1005 1723 Salute-croix
1028 1667 1064 1722 dc
1087 1667 1196 1738 l’eglise
1216 1666 1251 1724 dc
1274 1666 1427 1736 Gbillcurs,

610 1762 714 1818 liberio
728 1761 763 1817 de
780 1762 922 1834 plusieurs
938 1761 1116 1820 rederaucec.

368 1935 455 2006 (Orig.
472 1952 495 1990 s.
511 1935 606 2008 parcit.
623 1935 708 1991 llrclr.
724 1935 762 1990 du
779 1935 882 2004 Loiret,
898 1937 932 1992 G.
949 1935 999 1992 3‘21
1015 1952 1022 2002 ;
1038 1936 1162 1991 mention
1177 1936 1352 2010 Scriptum).

342 2177 407 2265 ligo
427 2175 634 2268 ll[cnasscs],
650 2173 707 2246 Dei
738 2176 837 2265 gratia
864 2174 1318 2267 Aurelianensisepiscopus,
1348 2175 1425 2247 uni-

300 2285 452 2357 versisad
472 2309 554 2377 quos
592 2287 695 2358 littere
726 2284 786 2358 istc
821 2287 1022 2371 devenerint,
1045 2289 1077 2356 in
1106 2285 1244 2360 Domino
1272 2290 1422 2360 salutem.

299 2398 382 2471 Licet
403 2402 626 2472 universorum
648 2398 788 2471 bdelium
810 2401 938 2470 dovotio
952 2401 1092 2473 Ecclesio
1115 2401 1295 2473 commodis
1315 2404 1425 2473 inces-

298 2527 406 2583 santer
440 2526 550 2584 eterne
583 2509 853 2584 remunerationis
882 2513 1000 2582 intuitu
1036 2511 1202 2604 invigilare
1234 2515 1364 2596 debeat,
1391 2514 1423 2584 id

299 2638 402 2694 tamen
431 2622 639 2694 sollicitudini
665 2647 777 2695 eorum
796 2621 971 2714 specialius
998 2623 1154 2696 incombit
1172 2624 1226 2715 qrri
1248 2624 1423 2697 ecclosias·

297 2734 371 2807 ticis
402 2737 581 2807 bonoribus
619 2748 861 2829 promoventur,
900 2751 932 2810 et
962 2738 1116 2829 ampliora
1153 2740 1294 2810 ecclesie
1320 2740 1424 2830 perci-

298 2847 422 2941 pientes
453 2848 626 2942 stipendia,
647 2854 687 2921 ab
718 2849 871 2922 uberibus
894 2855 965 2942 ejus
994 2850 1166 2942 benignius
1193 2849 1443 2925 coniuretttur.'

298 2962 459 3034 Universis
487 2964 585 3054 igitur
605 2978 670 3035 tam
700 2963 814 3036 tuturis
829 2988 925 3055 qtram
948 2965 1152 3058 presentibus
1179 2966 1309 3056 plenius
1327 2965 1421 3039 inno·

298 3090 409 3165 tcsoat,
446 3081 531 3170 prrotl
569 3077 739 3151 ecelesiam
760 3081 800 3150 de
839 3079 1012 3165 Cbilleriis,
1049 3104 1146 3171 rpuom
1186 3104 1259 3153 cum
1294 3104 1420 3153 summa

298 3196 487 3264 ditbeultote
505 3196 545 3266 de
565 3218 660 3265 manu
681 3193 760 3265 laica
782 3196 829 3265 vix
843 3197 971 3267 tandem
989 3200 1057 3267 lieo
1069 3197 1200 3284 irruente
1216 3193 1420 3280 retraximus,

298 3309 405 3380 domui
419 3312 459 3381 de
479 3309 627 3382 Gerrasia
643 3310 763 3401 totique
776 3323 859 3382 terre
874 3333 968 3400 piram
989 3309 1163 3401 capitulum
1180 3315 1296 3382 Sancte
1310 3311 1421 3383 Crucis

300 3423 416 3496 ibidem
438 3422 604 3515 possidere
623 3422 801 3494 dinoscitur
817 3426 984 3515 perutilem
999 3437 1031 3495 et
1051 3425 1186 3494 maximo
1202 3423 1419 3496 necessariam

299 3560 371 3609 esse
393 3538 648 3618 considerantes,
671 3561 728 3628 pro
749 3539 891 3608 remedio
911 3538 1017 3608 anime
1030 3552 1140 3608 nostre
1159 3551 1191 3608 et
1210 3539 1364 3627 Stepluni
1380 3541 1421 3609 dc

299 3652 454 3719 Garianda
487 3662 518 3719 et
544 3647 699 3718 lobannis
719 3648 831 3719 decani
865 3652 948 3719 bone
968 3647 1135 3730 memorie,
1157 3649 1212 3737 prii
1243 3648 1419 3738 predictam

298 3763 428 3829 domum
442 3761 482 3830 dc
498 3759 646 3829 Gervasia
661 3759 833 3841 editicavit,
855 3784 912 3851 pro
924 3763 1017 3849 cujus
1029 3761 1232 3830 editicctiooe
1249 3762 1422 3849 etjusticie

298 3873 542 3944 conservatione
573 3871 762 3962 sangninem
789 3874 860 3962 ejus
890 3873 921 3942 in
952 3871 1045 3942 terris
1074 3875 1211 3945 cllusnrn
1242 3874 1420 3958 credimus,

299 3985 435 4057 ecclesie
455 3990 572 4057 Sancte
589 3988 702 4057 Crucis
715 3986 845 4056 liberam
869 3999 898 4056 et
918 3987 1098 4057 absolutam
1113 3988 1153 4054 ob
1173 3984 1289 4056 sinodo
1309 3999 1341 4056 et
1361 3985 1422 4057 cir·

298 4100 420 4169 cadaet
439 4097 525 4167 omni
546 4095 689 4189 episcopi
710 4112 742 4168 et
759 4096 974 4169 arebidiaconi
1000 4100 1237 4170 consuetudine
1265 4112 1297 4169 et
1329 4123 1422 4170 exsc-

301 4210 386 4281 tionc
404 4224 434 4281 ct
447 4209 576 4300 justicio
592 4225 655 4280 tam
670 4209 849 4280 sacerdotis
869 4233 964 4298 qtram
983 4208 1280 4299 parrocbiunorum,
1298 4211 1423 4280 volente

300 4336 331 4393 et
342 4323 565 4392 consentiente
583 4324 736 4391 llorberto
756 4320 996 4400 arebblincono,
1007 4321 1038 4390 in
1054 4334 1241 4412 perpetuum
1254 4321 1423 4411 possiden·

302 4438 373 4505 darn
393 4436 613 4520 concedimus,
636 4447 668 4504 et
685 4432 835 4524 ‹prricrptid
848 4432 932 4526 juris
949 4446 1011 4503 tant
1033 4457 1093 4524 ego
1111 4457 1206 4523 quam
1226 4432 1425 4505 archidiaco-

304 4571 365 4618 nus
379 4550 425 4619 vel
442 4545 692 4638 archipresbiter
712 4546 742 4617 in
761 4570 796 4617 ea
815 4549 1026 4627 lrnltebamus,
1057 4545 1107 4638 pia
1128 4546 1371 4638 dispensatione
1392 4545 1424 4616 in

302 4663 527 4757 proprietatem
544 4665 639 4753 etjns
658 4659 788 4752 capituli
809 4660 1074 4732 transfundimus.
1105 4664 1127 4731 ll
1165 4684 1297 4731 nummo
1329 4660 1425 4733 etiam
