3420 5490
764 723 802 734 -
824 687 883 751 433
903 721 944 734 .-

290 807 321 878 in
343 823 451 880 nostra
473 810 632 900 presentia
648 813 843 884 constitutos
863 810 1018 883 Guiardus
1038 815 1078 884 de
1108 812 1224 884 Tribus
1254 813 1413 897 lontibus;

291 921 494 1004 domicellus,
520 922 661 1016 quinque
689 926 814 998 modios
843 928 907 996 duo
938 924 1074 997 serteria
1105 939 1169 997 tam
1203 926 1287 997 liladi
1322 950 1417 1017 qoam

289 1059 389 1107 avene
408 1040 447 1107 ad
470 1061 651 1109 mensuram
673 1045 896 1132 stampensem
920 1053 953 1111 et
971 1037 1122 1130 quicquid
1139 1042 1276 1111 habebat
1300 1053 1332 1111 et
1348 1063 1419 1133 per·

289 1150 427 1243 cipieltat
443 1151 473 1220 in
492 1153 622 1243 grangia
642 1156 682 1225 de
699 1154 841 1225 llesnilio
855 1153 998 1237 Girandi,
1014 1156 1100 1246 quod
1116 1154 1246 1245 quidem
1262 1157 1417 1227 lrabuerat

288 1288 305 1334 a
325 1264 482 1349 Gnidone‚
495 1266 678 1355 domicello,
697 1272 900 1351 elleborine,
916 1291 1100 1355 uxorema,
1122 1267 1246 1340 ratione
1259 1267 1416 1340 escambii

288 1404 344 1451 sen
366 1381 610 1472 permutationis
631 1386 712 1455 lacte
732 1383 911 1455 adinvicem
926 1381 1009 1454 inter
1027 1406 1097 1469 eos,
1122 1381 1265 1455 vendidit
1281 1396 1313 1455 et
1333 1405 1413 1454 con-

291 1494 392 1568 cessit
416 1507 447 1566 et
475 1495 712 1589 imperpetuum
740 1497 868 1589 penitus
901 1495 1036 1589 quitavit
1070 1495 1145 1569 viris
1179 1494 1418 1569 veneralrililms

289 1609 433 1703 capitulo
463 1612 685 1685 Aurelianensi
716 1610 818 1704 pretio
845 1615 1054 1684 ducentarum
1081 1609 1233 1682 librarum
1263 1625 1418 1684 turonen·

289 1728 387 1813 sium,
417 1731 457 1798 de
487 1729 606 1818 quibus
640 1727 747 1798 dictus
778 1725 935 1798 Guiardns
962 1749 998 1798 se
1026 1725 1128 1798 tenuit
1174 1749 1285 1797 coram
1321 1723 1416 1797 nobis

290 1839 413 1930 integre
452 1865 509 1933 pro
540 1857 653 1933 pagato
690 1839 720 1911 in
761 1840 895 1933 pecunia
925 1855 1105 1923 numerata,
1135 1837 1315 1933 exceptioni
1352 1863 1416 1910 non

291 1968 457 2027 numerale
476 1956 612 2048 pecunie
630 1954 692 2026 sibi
715 1980 777 2025 non
795 1954 909 2026 tradite
934 1967 966 2026 et
987 1978 1050 2025 non
1071 1967 1201 2046 recepte
1221 1953 1416 2026 renooeians

291 2067 419 2158 penitus
451 2083 483 2140 et
514 2091 677 2160 expresse.
701 2071 896 2140 l'romittens
924 2090 979 2158 per
1006 2069 1116 2150 tidem,
1143 2078 1201 2138 etr.
1243 2063 1415 2138 Constituti

291 2181 390 2250 eciam
412 2205 517 2252 coram
534 2182 627 2252 nolris
647 2181 835 2252 Gnillolmus
855 2183 895 2252 de
916 2179 1190 2270 Centegnonvilla,
1213 2177 1317 2260 miles,
1344 2201 1417 2269 pro·

291 2294 377 2364 misit
398 2318 453 2385 per
474 2298 568 2366 tidem
589 2309 731 2365 suamet
762 2297 823 2364 sub
853 2316 933 2384 pena
965 2291 1174 2383 quadraginta
1197 2291 1348 2363 librarum
1381 2315 1418 2365 so

292 2415 447 2479 laetorum
464 2424 495 2479 et
515 2413 858 2501 procuratnrrvmqnod
878 2412 1042 2480 lohannes
1071 2411 1111 2480 de
1133 2407 1281 2492 duriaco,
1304 2409 1416 2492 miles,

292 2517 412 2607 primns
432 2520 582 2588 dominns
599 2519 731 2589 leodalis
751 2518 834 2589 dicte
855 2517 900 2588 rei
926 2519 1070 2599 scindite,
1105 2530 1139 2586 ut
1168 2514 1258 2598 dicit,
1296 2515 1415 2588 dictam

291 2630 511 2703 vendicionem
527 2630 694 2703 ratilrcalrit
714 2645 746 2702 et
765 2629 1011 2701 admortillcalrit
1026 2644 1058 2701 et
1074 2628 1238 2721 promittet
1257 2629 1418 2721 garentire

291 2758 439 2836 tanquam
462 2745 584 2836 primos
603 2748 757 2816 dominns
777 2743 932 2828 leodalis;
950 2749 1063 2816 Petrus
1081 2747 1121 2816 de
1142 2744 1293 2828 dbevilla,
1308 2742 1416 2828 miles,

290 2859 441 2949 promisit
460 2858 606 2930 similiter
623 2883 678 2950 per
699 2861 794 2930 fidem
825 2882 915 2929 suam
947 2873 980 2929 et
1007 2861 1068 2929 sub
1100 2880 1180 2948 pena
1209 2855 1417 2949 quadraginta

291 2974 441 3044 librarum
470 2997 505 3045 se
533 2977 689 3045 laetorum
715 2985 747 3044 et
775 2986 1018 3064 procuraturum
1050 2975 1135 3063 quod
1175 2969 1341 3064 l‘lrilippus
1377 2974 1418 3044 de

293 3087 439 3168 duriaco,
462 3087 568 3176 miles,
589 3090 753 3159 secundus
772 3087 922 3159 dominns
943 3084 1076 3160 leodolis
1096 3089 1180 3159 dicte
1210 3088 1258 3159 rei
1275 3086 1417 3172 vendite,

291 3218 324 3274 nt
353 3203 442 3284 dicit,
475 3204 592 3275 relictam
623 3202 850 3275 vendicionem
871 3201 1038 3275 ratillcabit
1068 3217 1100 3276 et
1118 3201 1367 3275 admortidcabit
1385 3216 1417 3275 et

292 3320 453 3409 promittet
472 3318 630 3410 garentire
644 3334 793 3410 tanquam
820 3322 973 3390 dominus
993 3319 1155 3389 secundus
1176 3316 1337 3402 leodalis3
1360 3340 1417 3409 pro

290 3431 405 3520 rpvilvns
427 3431 517 3522 pronis
533 3433 619 3504 dieto
636 3433 777 3524 capitolo
793 3433 958 3503 solvendis
978 3430 1004 3502 si
1025 3453 1081 3503 eas
1111 3429 1267 3502 committi
1306 3432 1420 3501 conti·-

290 3544 382 3634 gcrit,
399 3560 453 3615 ant
470 3549 497 3616 si
518 3550 693 3618 delicerent
706 3545 737 3616 in
752 3544 933 3637 premissis,
949 3543 1025 3617 dicti
1043 3543 1233 3616 Guillelmus
1252 3556 1285 3616 et
1302 3547 1417 3616 Petrus

289 3658 509 3750 obligaverunt
541 3684 576 3732 se
596 3675 626 3731 et
642 3663 778 3732 lreredes
799 3684 876 3732 snos
896 3674 928 3732 et
953 3661 1063 3731 omnia
1084 3662 1166 3730 bona
1190 3682 1247 3730 sua
1274 3672 1306 3731 et
1331 3658 1418 3730 idem

289 4074 387 4130 adhoc
416 4075 573 4146 specialiter
598 4074 747 4144 destinato,
768 4074 874 4129 dictum
902 4073 1075 4129 escambium
1102 4089 1154 4128 seu
1181 4072 1418 4144 permutationem

289 4163 448 4230 voluerunt,
466 4163 659 4231 laudaverunt,
680 4162 908 4234 approbaverunt
920 4168 947 4218 et
962 4162 1045 4218 etiam
1070 4166 1281 4218 concesserunt.
1297 4161 1419 4220 Premit·

289 4257 388 4319 tentes,
405 4259 480 4309 etc...
496 4253 586 4306 lmmo
603 4253 802 4323 promiserunt,
815 4257 892 4307 etc...
917 4251 1081 4322 obligantes,
1110 4257 1185 4306 etc...
1208 4251 1238 4307 ln
1265 4255 1347 4324 culus
1371 4255 1413 4310 rrl

289 4344 453 4397 memoriam
467 4348 495 4398 et
510 4342 703 4397 testimonium
718 4341 752 4396 ad
768 4341 983 4413 rcquisitionem
1000 4341 1123 4412 partium
1137 4340 1329 4414 predictarum
1345 4344 1421 4415 rigil-

288 4440 348 4497 lum
378 4433 589 4488 Aurelianensis
608 4434 686 4488 curie
717 4431 895 4504 presentibus
926 4431 1025 4488 litteris
1048 4431 1181 4488 duximus
1206 4434 1419 4506 opponendum.

288 4527 389 4580 ilatum
415 4542 489 4579 anno
517 4524 627 4580 llomini
657 4524 806 4579 millesimo
840 4523 1034 4578 ducentesimo
1062 4524 1284 4596 septuagesimo,
1322 4543 1421 4584 mense

289 4616 443 4682 februario,
460 4615 505 4671 dio
520 4614 624 4670 sabbati
643 4620 702 4686 post
721 4613 953 4669 l‘urillcaeionem
976 4613 1056 4669 beate
1082 4612 1172 4670 blarie
1198 4615 1324 4686 virginis.
1346 4635 1362 4668 a
1387 4649 1421 4660 -

289 4706 366 4777 tlrig.
383 4724 405 4761 s.
421 4706 517 4777 parclr.
535 4705 619 4761 llrclr.
638 4704 675 4760 du
691 4704 796 4773 loiret,
811 4703 845 4760 G.
865 4703 929 4759 350.

1298 4827 1335 4883 98
