3420 5490
758 703 937 768 -ttt-

287 831 526 905 Aurelianensis
553 845 746 924 proponeret
775 854 885 902 coram
907 832 1001 902 nobis
1031 833 1132 923 quod,
1157 831 1231 903 lieet
1251 845 1315 901 tam
1344 829 1414 923 ipse

286 970 382 1036 quam
408 949 654 1038 predecessores
670 944 719 1016 sui
737 968 754 1016 a
774 960 950 1037 temporea
970 969 1034 1036 qrro
1054 969 1119 1017 non
1135 944 1242 1018 existit
1260 942 1415 1017 memoria

285 1061 441 1132 fecissent
462 1075 493 1132 et
512 1075 623 1133 essent
641 1063 674 1130 in
698 1059 828 1151 pacillca
849 1059 1057 1152 possessione
1081 1084 1138 1133 seu
1157 1063 1264 1132 sesina
1282 1060 1414 1133 tenendi

285 1189 316 1246 et
345 1175 482 1246 babondi
514 1178 547 1246 in
569 1176 639 1245 villa
660 1173 879 1247 Aurelianeusi
904 1177 1075 1266 quemdam
1106 1174 1298 1248 servientem
1324 1178 1411 1267 juxta

285 1311 343 1358 sue
378 1287 550 1358 voluntatis
577 1286 743 1358 arbitrium
766 1289 965 1377 eligendum,
992 1289 1137 1377 quietum
1158 1300 1191 1359 ct
1214 1287 1350 1359 liberum
1382 1299 1415 1357 ct

285 1407 463 1471 immunem
484 1398 603 1471 invilla
621 1399 763 1491 predicta
787 1422 804 1470 a
828 1399 912 1470 tallia
933 1413 964 1471 et
985 1422 1001 1470 a
1020 1398 1280 1492 quibuscumque
1305 1413 1414 1472 costu-

286 1514 360 1595 mis,
390 1515 512 1585 ratione
536 1513 585 1585 sui
615 1512 740 1585 servicii
767 1516 853 1604 quod
886 1526 1016 1585 vocatur
1045 1515 1217 1586 servicium
1242 1517 1282 1587 dc
1303 1536 1415 1586 manu·

287 1625 401 1715 tergio,
445 1630 530 1716 «prod
565 1626 695 1716 quidem
732 1626 903 1696 servicium
925 1629 1011 1697 idem
1032 1629 1177 1698 serviens
1207 1627 1238 1698 in
1259 1631 1311 1698 die
1334 1649 1415 1699 ceno

286 1737 413 1808 Domini
454 1751 580 1810 tenetur
622 1738 757 1829 singulis
782 1739 877 1810 annis
912 1742 1017 1810 lacere
1051 1741 1175 1811 decano
1217 1755 1249 1812 ct
1275 1739 1415 1833 capitulo

287 1851 574 1937 llrvrelianensi;et
599 1851 808 1923 nibilominus
835 1867 941 1925 tamen
970 1851 1117 1925 baillivus
1144 1861 1256 1926 noster
1275 1853 1416 1926 Aurelia·

285 1966 410 2050 nensis,
430 1980 523 2057 prout
547 1968 632 2038 idem
648 1968 854 2039 subdecanus
868 1970 1047 2050 asserebat,
1068 1966 1175 2060 ipsum
1194 1967 1415 2060 supersesina

289 2079 428 2170 predicta
465 2083 683 2172 perturbabat,
713 2081 855 2152 indebito
887 2079 1086 2152 intendendo
1117 2095 1227 2153 contra
1257 2079 1414 2171 justitiam

288 2195 405 2263 talliam
433 2193 560 2284 erigere
592 2195 632 2263 ab
662 2192 846 2284 hujusmodi
874 2192 1059 2276 serviente3
1087 2198 1230 2276 tandem,
1262 2192 1416 2285 inquisita

287 2329 383 2396 snper
404 2308 465 2376 lroc
498 2310 537 2376 de
571 2309 724 2377 mandato
751 2305 840 2377 curie
872 2319 981 2377 nostre
1013 2304 1139 2396 plenius
1163 2308 1307 2389 veritate,
1339 2303 1413 2396 quia

288 2420 451 2490 inventum
475 2419 532 2489 luit
557 2422 777 2491 subdecanum
800 2418 979 2512 predictum
1005 2441 1080 2491 esse
1096 2419 1129 2489 iu
1154 2422 1261 2492 sesim
1281 2419 1414 2493 tenendi

286 2549 318 2605 et
339 2536 476 2605 babendi
503 2534 697 2607 servientem
719 2535 897 2626 predictum
914 2534 945 2612 in
963 2533 1033 2605 villa
1058 2547 1234 2608 memorata
1254 2536 1414 2628 quietum,

287 2663 321 2719 nt
348 2650 468 2720 dictum
497 2665 561 2733 est,
586 2673 602 2721 a
624 2652 708 2720 tallia
735 2664 767 2721 et
791 2651 963 2735 costumis,
994 2653 1242 2742 pronunciatum
1267 2649 1327 2721 luit
1359 2672 1416 2742 per

287 2763 387 2854 ipsius
407 2765 496 2835 curie
509 2776 618 2836 nostre
635 2764 793 2856 judicium
814 2766 1035 2836 subdecanum
1053 2764 1085 2835 in
1101 2764 1208 2836 sesina
1229 2767 1414 2856 hujusmodi

286 2901 452 2949 remanere
479 2881 609 2950 debere.
634 2882 666 2948 ln
687 2881 779 2969 cujus
799 2878 843 2950 rei
865 2878 1086 2949 testimonium
1107 2877 1312 2971 presentibus
1331 2877 1416 2950 litte·

287 2991 330 3062 ris
350 3007 495 3063 nostrum
528 2993 664 3064 lecimus
692 2992 809 3086 apponi
830 2992 985 3086 sigillum.
1008 2999 1120 3065 llctum
1153 2992 1295 3078 l‘arisiis,
1328 3018 1414 3066 anno

292 3107 418 3179 bomini
444 3111 538 3191 illd,
562 3132 674 3180 mense
693 3107 869 3181 decembri.

755 3438 947 3500 cccxxvtu

647 3715 842 3784 Vincennes,
864 3730 954 3775 mars
976 3712 1056 3774 tuto

287 3943 464 4012 assignatum
482 3958 532 4012 par
547 3941 674 4012 Philippo
690 3940 726 3996 tv
745 3955 795 3995 sur
811 3940 837 3994 la
852 3939 967 4012 provere
980 3939 1126 3995 d'Orldans
1141 3937 1176 3995 do
1189 3937 1225 3994 15
1238 3938 1322 3994 livre·
1337 3941 1418 3994 lour-

322 4035 383 4088 nois
403 4033 437 4088 de
452 4039 530 4088 rente
548 4033 564 4086 d
584 4048 667 4104 parer
682 4047 717 4086 au
736 4031 882 4104 cbopolain
907 4030 991 4090 tonde
1011 4047 1062 4103 par
1075 4031 1221 4103 Alphonao
1244 4029 1280 4085 dc
1294 4028 1416 4085 Polliors

322 4148 357 4185 en
378 4130 482 4199 l'dgliso
497 4129 657 4184 d'Orldans.

287 4275 371 4344 (llibl.
389 4275 451 4328 Nat.
469 4276 590 4340 Mercari,
607 4273 659 4329 too
675 4290 683 4326 ι
698 4273 790 4329 uto«
810 4272 870 4327 Prie
885 4286 935 4326 sur
948 4273 976 4327 le
988 4271 1138 4326 cartulaire
1157 4271 1192 4326 de
1212 4269 1418 4345 Salute-Crob,

375 4369 424 4424 lol.
445 4369 480 4424 38
496 4384 532 4435 vr,
548 4372 624 4423 carta
638 4369 697 4423 'dle
719 4387 735 4420 ›
755 4368 865 4440 llnreyd
878 4384 929 4439 par
951 4370 984 4424 D.
1005 4367 1039 4422 G.
1057 4366 1084 4423 le
1097 4366 1132 4422 Ἦ
1143 4382 1219 4421 mars
1232 4364 1326 4439 1765).

333 4588 509 4678 Philippus,
532 4586 588 4659 bei
605 4591 712 4678 gracia
734 4589 926 4658 Francorum
947 4608 1013 4671 rer,
1031 4599 1142 4659 notum
1162 4584 1297 4657 lecimus
1311 4584 1414 4657 omni-

288 4706 426 4774 bustam
442 4702 646 4794 presentibus
665 4725 761 4795 quam
782 4704 897 4774 tuturis
915 4704 1105 4793 quodcum,
1126 4702 1306 4773 secundum
1328 4698 1415 4773 ordi·
1434 4746 1440 4759 ·
