3420 5490
761 630 938 693 -eto-

289 754 394 839 miles,
421 755 561 847 capitulo
586 758 702 825 Sancte
730 754 842 825 Crucis
873 755 1081 837 contulimus,
1104 755 1156 826 tali
1189 771 1301 828 tenore
1327 758 1415 849 quod

288 892 359 940 cant
379 868 559 961 recepimus
579 865 858 938 admodiaciooem
878 872 918 939 ab
938 872 1053 941 eodem
1079 869 1234 962 capitulo,
1259 868 1413 963 quamdiu

289 981 459 1054 vixerimus
487 982 661 1053 sitantum
691 980 851 1052 duraverit
877 981 1042 1074 obligatio,
1063 1006 1119 1075 pro
1147 986 1274 1055 duobus
1294 982 1414 1057 modiis

288 1094 473 1187 hybernagii
502 1109 534 1166 et
562 1097 690 1165 duobus
720 1117 819 1165 avene
849 1093 1015 1165 annuatim
1042 1094 1217 1166 reddendis
1235 1094 1415 1167 Aurelianis

289 1205 382 1276 nobis
412 1206 498 1276 idem
518 1208 694 1296 capitulum
721 1229 778 1295 pro
804 1205 1021 1276 anniversario
1042 1206 1141 1298 patris
1161 1209 1265 1277 nostri
1294 1211 1416 1278 taceret

288 1317 319 1387 in
335 1340 400 1408 quo
420 1318 525 1387 dictos
539 1330 675 1409 quotuor
691 1316 816 1388 modios
832 1316 919 1407 grani
941 1316 1148 1389 distribueret
1167 1331 1197 1390 et
1223 1321 1264 1390 de
1282 1318 1416 1411 proprio

290 1429 399 1521 viginti
427 1429 550 1502 solidos
577 1444 766 1522 apponeret.
796 1437 874 1501 l‘ost
902 1434 1074 1503 decessum
1102 1454 1178 1503 vero
1206 1445 1352 1505 nostrum
1383 1432 1412 1505 si

290 1559 413 1616 tantum
432 1544 591 1617 duraverit
612 1544 778 1636 obligatio,
799 1559 865 1616 tota
885 1544 1009 1618 decima
1029 1569 1103 1617 cum
1123 1544 1211 1616 omni
1229 1543 1414 1638 integritate

289 1660 329 1730 td
353 1658 527 1750 capitulum
547 1661 744 1744 devolvetur,
761 1673 793 1729 et
812 1656 887 1730 inde
908 1662 962 1729 liet
975 1658 1159 1729 distributio
1179 1658 1345 1731 canonicis
1360 1660 1416 1752 qui

289 1771 507 1841 anniversario
537 1771 726 1856 intererunt,
756 1784 789 1840 et
819 1784 896 1840 tunc
927 1773 1142 1842 remanebunt
1176 1768 1287 1860 viginti
1319 1770 1417 1843 solidi

290 1905 372 1974 quos
411 1885 451 1954 de
481 1905 540 1953 suo
570 1905 733 1974 apponere
772 1881 1000 1974 promiserunt.
1040 1881 1244 1972 Quicumque
1308 1896 1417 1955 antem

290 2008 499 2066 memoratam
516 1996 673 2065 decimam
694 1993 806 2065 redimi
822 1994 1017 2085 contingerit
1036 1997 1084 2065 vel
1104 1994 1136 2064 in
1158 1994 1219 2066 vita
1238 2008 1347 2068 nostra
1367 1999 1419 2068 vel

292 2121 364 2200 post
378 2109 550 2178 decessum
568 2119 726 2190 nostrum,
743 2105 872 2197 capituli
884 2106 945 2177 erit
960 2118 1027 2177 tota
1046 2106 1225 2199 redemptio
1247 2110 1287 2179 ad
1309 2131 1420 2181 emen·

293 2223 351 2291 dos
372 2219 446 2291 inde
473 2218 618 2291 redditus
643 2218 697 2309 qui
718 2217 937 2291 autriversario
957 2220 1191 2292 distribuentur
1217 2221 1416 2314 supradicto.

293 2337 386 2422 Quod
411 2349 445 2405 ut
476 2338 602 2406 llrmum
635 2346 668 2405 et
696 2334 811 2405 stabile
842 2349 1024 2427 perseveret
1063 2348 1246 2428 presentem
1266 2335 1418 2429 paginam

296 2449 391 2543 sigilli
422 2450 523 2522 nostri
547 2451 744 2542 appensione
771 2449 905 2522 lecimus
934 2450 1089 2523 roborari.
1119 2457 1235 2523 letum
1264 2474 1353 2525 auno
1375 2455 1417 2525 ab

293 2562 513 2636 incarnatione
539 2565 638 2648 1201,
660 2586 773 2636 mense
790 2564 917 2636 martio.

784 2927 931 2988 cxxtbv

819 3202 898 3265 1202

298 3432 501 3491 L’arcbidiacre
515 3431 602 3487 llerrri
623 3429 791 3500 bomologue
804 3429 831 3485 la
846 3428 979 3486 donnlion
994 3444 1031 3485 au
1049 3429 1175 3501 chapitre
1197 3428 1333 3487 elleetnde
1344 3434 1425 3487 entre

336 3530 376 3585 les
390 3529 482 3584 mains
505 3527 540 3583 de
556 3525 680 3598 l'tlvdque
703 3527 841 3592 Monassd,
856 3542 907 3599 par
925 3525 1124 3582 Arcbambaud
1143 3524 1334 3601 Pireqttelntrp
1351 3530 1380 3583 el
1392 3542 1425 3583 ιι

334 3626 450 3695 lemme,
463 3623 501 3679 du
516 3629 668 3696 patronoue
683 3628 712 3679 et
726 3622 776 3677 des
791 3638 910 3678 mertuos
924 3622 1014 3677 dlrnes
1028 3626 1063 3678 de
1078 3622 1196 3678 Brenno.

368 3772 457 3844 (orig.
473 3787 496 3827 s.
513 3770 609 3844 parcb.
627 3770 710 3826 brcb.
726 3770 765 3826 du
780 3769 884 3841 loiret,
900 3770 933 3825 G.
947 3768 1019 3841 3763
1036 3770 1161 3826 mention
1175 3767 1346 3841 Scriptum).

344 3995 409 4083 ligo
431 3988 600 4074 demicus,
616 3989 856 4061 Aurelianensis
872 3988 1011 4061 ecclesie
1025 3988 1289 4073 archidiaconus,
1310 3998 1424 4060 nolunt

300 4108 383 4178 lacio
414 4104 618 4197 presentibus
637 4118 670 4175 et
698 4104 812 4173 luturis
838 4105 924 4194 quod
954 4126 1027 4173 cum
1048 4100 1094 4173 vir
1119 4104 1280 4193 quondam
1307 4100 1427 4175 nobilis

299 4220 562 4297 llrcbembaldus,
592 4216 646 4307 qui
676 4220 844 4307 Peiorlupo
871 4218 1067 4307 cognomine
1093 4214 1272 4297 dicebatur,
1302 4228 1429 4287 etuvor

302 4332 393 4404 llario
412 4329 542 4401 nomine
564 4332 617 4420 jus
636 4342 821 4420 patronatus
841 4329 980 4401 ecclesie
999 4331 1072 4400 ville
1091 4328 1177 4399 illins
1193 4351 1256 4420 «pue
1282 4332 1429 4401 decenne

338 4644 347 4680 ¹
368 4644 444 4699 l’our
455 4642 702 4716 querulocumpue.
