3420 5490
763 701 803 715 -
826 667 884 732 445
906 702 944 714 ..

290 798 406 866 derunt
420 811 451 867 ct
468 794 701 887 imperpetuum
721 799 850 887 penitus
863 798 1065 887 quitaverunt
1082 795 1157 867 viris
1179 796 1415 869 venerabilibus

289 913 412 980 decano
432 925 463 979 et
477 909 617 1001 capitulo
635 909 919 981 burelianensibus
939 934 995 1001 pro
1016 910 1123 1002 precio
1144 924 1274 982 eentum
1293 913 1416 983 solido-

291 1048 359 1093 rum
391 1023 629 1113 parisiensium,
660 1027 700 1095 de
731 1025 850 1115 quibus
879 1023 940 1114 ipsi
968 1024 1151 1096 venditores
1176 1049 1212 1096 se
1242 1039 1416 1097 tenuerunt

290 1159 397 1205 coram
419 1160 478 1205 rios
495 1136 617 1226 integre
632 1160 688 1226 pro
703 1137 825 1227 pagetis
840 1137 870 1206 in
885 1136 1021 1227 pecunia
1037 1151 1214 1226 numerata,
1230 1135 1412 1228 exceptioni

292 1273 354 1319 non
371 1263 536 1319 numerate
554 1264 586 1319 et
607 1274 670 1319 uon
691 1265 819 1340 recepte
843 1257 979 1340 pecunie
994 1249 1221 1322 renunciantes
1239 1251 1369 1342 penitus
1383 1262 1417 1321 et

290 1385 454 1451 expresse,
481 1360 706 1453 promittentes
732 1361 807 1433 dieti
837 1365 1001 1434 lebannes
1029 1377 1061 1433 et
1088 1360 1203 1433 Ysania
1236 1386 1293 1455 per
1320 1363 1416 1434 sidem

290 1500 380 1546 suam
411 1476 619 1567 corpruraliter
639 1477 816 1568 prestitam.
839 1490 870 1548 ct
902 1479 1007 1548 dictus
1039 1479 1228 1550 Guillelmus
1255 1501 1312 1569 per
1332 1478 1418 1570 jura-

290 1605 433 1661 mentum
454 1615 547 1661 suum
568 1615 674 1662 coram
701 1593 795 1663 nobis
815 1594 998 1682 prestitum,
1019 1594 1104 1683 quod
1127 1591 1249 1663 dictum
1267 1604 1416 1678 tractum,

290 1704 420 1794 quilibet
443 1729 499 1796 pro
520 1720 586 1776 rata
605 1730 675 1792 sua,
706 1707 859 1797 predictis
883 1709 1006 1778 decano
1037 1719 1070 1777 et
1089 1705 1230 1797 capitulo
1256 1707 1290 1776 in
1319 1729 1418 1776 manu

290 1832 414 1889 mortua
434 1818 575 1911 legitime
598 1820 792 1904 liberabunt,
816 1820 996 1912 garentieut
1015 1834 1047 1892 et
1071 1821 1257 1892 delleudent
1276 1821 1316 1890 ad
1336 1843 1416 1891 osus

292 1946 323 2003 et
342 1936 595 2007 consuetudines
609 1936 708 2025 patrie
723 1935 958 2025 imperpetuum
980 1947 1092 2006 eontra
1106 1958 1221 2006 omnes
1237 1960 1246 2018 ;
1263 1935 1418 2024 promise·

293 2064 365 2119 nint
385 2049 480 2121 etiam
502 2074 557 2141 per
581 2054 675 2121 sidem
702 2065 732 2122 et
749 2054 967 2141 juramentum
990 2049 1181 2142 predictum,
1200 2052 1287 2141 quod
1314 2050 1341 2121 si
1362 2047 1419 2120 ali-

291 2168 363 2252 quis
378 2179 545 2254 appareret
564 2166 616 2254 qui
637 2164 757 2235 dietum
772 2178 906 2235 tractum
921 2165 1043 2235 diceret
1059 2167 1186 2236 essedo
1202 2162 1346 2234 dominio
1359 2185 1417 2234 seu

291 2279 387 2346 leudo
400 2300 471 2361 suo,
491 2291 523 2348 et
538 2277 642 2348 dictos
662 2280 819 2349 decanum
841 2291 873 2348 et
894 2275 1068 2369 capitulum
1089 2300 1188 2368 super
1209 2276 1295 2347 dieto
1317 2288 1420 2347 tractu

292 2389 322 2458 iu
342 2390 449 2480 aliquo
470 2394 666 2474 molestaret,
683 2395 767 2482 quod
789 2389 850 2483 ipsi
867 2394 999 2463 eosdem
1020 2392 1178 2462 «lemnum
1198 2389 1418 2481 etcapitolum

291 2527 364 2596 erga
385 2503 489 2595 ipsum
506 2520 538 2576 et
550 2530 664 2578 omues
678 2506 758 2577 alios
779 2520 943 2579 servarent
962 2504 1155 2598 indempnes
1173 2518 1206 2578 et
1225 2508 1332 2576 bonus
1351 2503 1416 2576 litis

292 2618 322 2688 in
344 2643 379 2690 se
398 2619 602 2712 susciperent
628 2621 697 2693 suis
724 2620 862 2715 propriis
880 2620 1065 2712 sumptibus
1087 2635 1119 2692 et
1146 2619 1310 2712 expensis,
1338 2621 1421 2692 obli·

290 2748 403 2825 gantes
423 2750 577 2825 quantum
593 2737 633 2807 ad
650 2739 711 2808 boc
732 2760 768 2808 se
788 2751 821 2809 et
838 2740 974 2809 beredes
991 2760 1070 2808 suos
1084 2755 1117 2808 et
1131 2734 1238 2807 omnia
1260 2738 1342 2806 bona
1357 2757 1415 2806 soa

291 2847 419 2916 mobilia
440 2863 471 2918 et
490 2848 677 2934 immobilia,
700 2850 861 2941 presentia
877 2863 910 2921 et
923 2853 1048 2932 lutura;
1068 2862 1268 2938 etquautum
1288 2848 1327 2917 ad
1344 2870 1416 2938 pre·

292 2959 409 3030 dictam
429 2961 618 3050 parentiam,
635 2977 666 3032 ut
695 2963 816 3034 dictum
832 2976 895 3046 est,
910 2964 1089 3035 taciendam
1118 2958 1269 3052 predictis
1289 2962 1413 3032 decano

293 3090 325 3146 ot
350 3077 502 3167 capitulo,
525 3078 695 3150 tlavrlridus
721 3083 760 3151 de
791 3083 953 3172 l‘lesseyo,
972 3082 1068 3151 lrater
1087 3077 1163 3151 dicti
1189 3076 1361 3163 lobannis,
1386 3094 1418 3153 et

295 3195 437 3266 llobinus
454 3198 492 3267 de
510 3195 680 3282 bivercois‚
704 3201 800 3268 lrater
819 3199 979 3269 dictorum
995 3196 1111 3268 Ysanie
1127 3209 1158 3268 et
1173 3193 1343 3280 Guillelmi,
1359 3218 1417 3288 pro

295 3310 375 3401 ipsis
400 3310 616 3383 venditoribus
636 3326 667 3383 et
687 3315 725 3382 ad
747 3336 857 3383 eorum
883 3310 1128 3403 requisitionem
1145 3334 1220 3403 erga
1235 3310 1340 3383 dictos
1366 3312 1423 3382 de·

295 3447 409 3494 eanum
430 3439 461 3494 et
482 3428 658 3516 capitulum
686 3450 721 3497 se
740 3429 978 3497 constituerunt
998 3427 1060 3498 lide
1086 3425 1190 3498 media
1210 3427 1420 3517 lldejussorcs

295 3540 333 3606 ad
355 3562 433 3608 usus
453 3553 483 3608 et
500 3540 753 3610 eonsuetudines
769 3540 1026 3611 llureliauenses.
1051 3542 1197 3610 l’reterea
1215 3540 1361 3610 lobanna
1379 3541 1420 3611 de

298 3653 399 3723 llosco
421 3653 533 3734 Gaudi,
555 3667 656 3724 mater
679 3653 836 3723 dictorum
862 3651 979 3723 l’sanie
997 3665 1030 3722 et
1053 3651 1225 3738 Guillelmi,
1250 3651 1281 3721 iu
1309 3664 1420 3722 nostra

298 3769 458 3854 presentia
479 3765 664 3850 constituta,
684 3764 868 3836 ‹lomlicium
889 3766 974 3854 qnod
995 3768 1133 3836 babebat
1152 3766 1184 3834 in
1207 3761 1293 3835 dicto
1319 3777 1423 3835 tractu

298 3876 449 3965 predictis
474 3881 598 3948 decano
618 3893 650 3949 et
664 3880 806 3970 capitulo
825 3880 961 3968 quitavit
975 3877 1211 3970 imperpetuum
1228 3890 1261 3948 et
1285 3874 1423 3964 dimisit,

299 4003 329 4060 et
350 3993 498 4080 promisit
519 4015 574 4082 per
599 3995 693 4063 lrdem
721 4016 812 4063 suam
840 3991 1049 4083 corporaliter
1080 3989 1245 4082 prestitam
1272 3992 1359 4080 quod
1388 3988 1421 4060 in

299 4102 384 4172 dieto
404 4116 518 4186 tractu,
547 4104 669 4175 ratione
690 4103 830 4175 dotalicii
852 4107 901 4174 vel
925 4104 998 4186 alia,
1026 4102 1124 4174 nicbil
1148 4105 1298 4175 deeetero
1324 4105 1426 4175 reela·

301 4218 409 4286 mabit.
432 4221 664 4290 llenuutiantes
683 4231 768 4289 ete...
796 4223 829 4288 ln
850 4221 944 4307 cujus
958 4216 1003 4289 rei
1022 4216 1209 4288 memoriam
1228 4230 1261 4288 et
1282 4215 1425 4289 testimo·

301 4330 389 4399 nium
410 4330 549 4419 sigillum
569 4331 806 4402 llurelianeusis
821 4331 910 4402 curie
923 4329 1038 4401 litteris
1050 4330 1255 4422 presentibus
1273 4329 1423 4400 duximus

300 4447 537 4534 apponendum
572 4450 686 4515 batum
720 4469 804 4516 auno
833 4444 959 4516 bomini
992 4443 1163 4517 millesimo
1199 4443 1424 4516 ducentesimo

300 4560 538 4650 septuagesimo
564 4575 667 4643 serto,
695 4562 747 4632 die
775 4559 899 4632 veneris
925 4573 996 4650 post
1016 4562 1147 4631 octabas
1173 4556 1276 4629 sancti
1301 4553 1425 4628 llartini

301 4673 467 4765 lrycmalis,
491 4699 601 4746 iriense
616 4674 811 4747 novembris.
1156 4676 1293 4744 Tuorras.
