3420 5490
766 740 798 752 -·
826 708 881 773 281
912 745 943 757 -

292 832 376 903 dicta
398 831 494 904 etiam
526 836 671 903 lobanna
706 837 746 904 de
784 837 948 906 Erolduno
984 835 1201 909 uenditionem
1225 839 1417 928 premissam

290 959 390 1015 ratam
411 947 533 1016 babens
549 958 582 1017 et
594 948 656 1016 lule
669 947 773 1016 media
787 951 971 1019 concedens
982 948 1136 1039 quicquid
1154 949 1233 1042 juris
1245 950 1277 1023 in
1293 950 1416 1025 eisdem

289 1058 424 1130 decimis
438 1061 568 1131 nomine
592 1059 733 1132 dotalicii
754 1082 812 1132 seu
838 1084 1041 1152 quocumque
1064 1063 1127 1135 alio
1153 1067 1250 1137 modo
1279 1067 1418 1138 babebat

289 1173 437 1264 quittavit
468 1172 499 1242 in
531 1188 721 1265 perpetuum
749 1188 781 1245 et
811 1172 948 1247 remisit.
976 1180 1022 1248 De
1052 1176 1290 1268 guarandienda
1309 1177 1417 1269 itaque

299 1288 482 1362 venditione
495 1288 724 1381 premissorum
738 1289 934 1362 deeimarum
946 1314 1020 1383 erga
1032 1292 1235 1384 supradictos
1258 1295 1415 1366 decanum

297 1417 329 1477 et
358 1405 534 1495 capitulum
565 1402 689 1496 plegios
719 1404 826 1476 dictus
857 1403 1247 1499 borrellusinterposuit,
1269 1405 1418 1481 uidelicet

298 1516 499 1590 llamerieum
516 1520 556 1589 de
570 1516 708 1590 lluiseau
727 1530 760 1591 et
780 1521 952 1592 llenricum
967 1522 1007 1592 de
1021 1519 1187 1606 llarrilier,
1209 1519 1342 1606 milites,
1359 1523 1413 1612 qui

294 1655 350 1724 per
382 1634 477 1704 bdem
517 1631 741 1724 interpositam
768 1633 986 1725 promiserunt
1012 1636 1146 1723 quodsi
1179 1657 1241 1726 qua
1262 1637 1414 1728 dampna,

288 1743 458 1835 dispendia
473 1747 523 1817 vel
536 1767 693 1836 expensas
715 1768 773 1837 pro
789 1747 918 1817 delectu
935 1744 1130 1837 guarentisie
1142 1749 1182 1819 ad
1196 1770 1276 1819 usus
1294 1759 1327 1820 et
1338 1771 1415 1820 eon-

237 1912 240 1917 .
291 1855 481 1929 suetudines
518 1856 764 1929 Aurelianenses
806 1856 953 1929 faciende
981 1860 1124 1930 decanus
1165 1871 1198 1930 et
1238 1858 1413 1951 capitulum

293 1970 537 2042 Aurelianenses
554 1969 755 2042 incurrerent
768 1993 867 2062 super
886 1969 1022 2043 decimis
1041 1971 1240 2056 memoratis,
1257 1971 1317 2063 ipsi
1332 1972 1413 2045 inlra

287 2083 482 2175 quindenam
505 2097 674 2175 postquam
703 2098 814 2157 essent
840 2083 988 2175 requisiti
1022 2085 1200 2157 burelianis
1228 2088 1412 2178 captionem

288 2210 446 2279 tenerent,
464 2197 539 2269 inde
558 2200 741 2269 nullatenus
764 2197 924 2270 recessuri
944 2201 1049 2271 donec
1065 2200 1106 2271 de
1125 2199 1287 2291 dampnis,
1303 2222 1413 2290 grava·

288 2310 430 2382 minibus
450 2325 482 2382 et
501 2311 650 2404 expensis
674 2325 762 2383 esset
781 2310 903 2384 eisdem
922 2314 1045 2385 decano
1065 2326 1098 2385 et
1111 2311 1251 2405 capitulo
1270 2312 1413 2405 plenarie

290 2441 323 2499 et
338 2430 462 2518 integre
477 2426 689 2499 satislaetum.
713 2428 757 2498 bd
779 2429 840 2500 boc
853 2430 993 2519 prolatus
1011 2430 1082 2500 Odo
1102 2426 1232 2500 borrelli
1249 2429 1281 2499 in
1299 2452 1414 2522 perpe·

287 2556 373 2614 tuam
401 2540 611 2614 elemosinam
645 2542 733 2614 dedit
763 2555 796 2613 et
823 2541 986 2615 concessit
1017 2541 1156 2615 ecclesie
1189 2542 1411 2617 Aurelianeusi

286 2682 384 2729 unum
400 2656 563 2729 bominem
587 2662 593 2694 ¹
614 2659 654 2729 de
674 2680 808 2749 corpore
827 2671 859 2729 et
880 2680 1009 2729 uxorem
1028 2660 1100 2749 ejus
1114 2680 1188 2729 oum
1205 2681 1317 2731 eorum
1339 2657 1412 2731 llliis

285 2796 323 2843 ae
338 2771 465 2842 lamiliis
485 2794 611 2843 necnon
632 2795 705 2842 cum
727 2769 869 2843 tenebris
884 2785 917 2843 et
929 2771 1192 2863 possessionibus
1210 2775 1410 2855 eorumdem,

285 2897 318 2957 et
334 2887 468 2976 insuper
494 2887 557 2955 duo
575 2898 706 2973 arpenta
736 2897 820 2954 terre
841 2897 934 2975 prout
962 2888 1021 2956 bec
1044 2883 1151 2956 omnia
1176 2906 1193 2955 a
1213 2884 1332 2956 dilecto
1347 2884 1412 2956 lilio

285 2998 382 3067 bdam
415 3001 532 3077 Brenn,
554 2996 772 3066 aurelianensi
793 2996 1032 3082 archidiacono,
1073 3001 1201 3068 luerunt
1231 2997 1408 3089 assignata,

283 3133 346 3199 que
365 3109 472 3179 omnia
503 3112 541 3179 ad
568 3112 720 3200 prelatum
740 3110 910 3180 ecelesiam
934 3113 1029 3200 pleno
1045 3112 1118 3200 jure
1139 3132 1212 3180 curn
1233 3109 1321 3181 omni
1342 3109 1408 3181 dis·

287 3222 381 3294 trietu
414 3238 446 3293 et
473 3222 709 3294 consuetudine
740 3245 777 3293 ae
804 3220 946 3313 justicia,
975 3221 1060 3293 sieut
1079 3222 1185 3294 dictus
1205 3224 1276 3295 Odo
1294 3225 1409 3295 eadem

287 3337 485 3427 possidebat,
509 3336 539 3405 in
568 3349 757 3425 perpetuum
790 3336 1009 3427 pertinebunt,
1031 3333 1201 3424 inquibus
1233 3335 1318 3407 idem
1339 3337 1410 3409 odo

288 3452 334 3520 rol
350 3451 486 3519 heredes
505 3451 575 3538 ejus
593 3447 691 3518 nicbil
720 3449 801 3537 juris
833 3450 874 3520 de
900 3463 1009 3520 cetero
1029 3461 1180 3540 poterunt
1194 3451 1407 3521 reclamare’.

287 3569 388 3647 Quam
414 3561 619 3632 donatiouem
635 3575 667 3631 et
688 3560 899 3632 elemosinam
929 3560 1112 3652 supradicta
1132 3559 1311 3652 Margarita,
1332 3585 1411 3633 uror

286 3673 389 3764 ipsius
403 3673 537 3758 Odonis‚
555 3687 586 3744 et
603 3672 713 3764 prelati
729 3675 783 3744 blii
797 3677 984 3746 eorumdem
998 3695 1106 3746 coram
1118 3677 1213 3745 nobis
1227 3677 1409 3757 uoluerunt,

284 3801 315 3858 et
335 3787 404 3876 ipsa
420 3786 584 3877 blargarita
605 3787 667 3856 lrde
685 3785 789 3856 media
805 3785 979 3857 liberaliter
991 3785 1190 3879 approbarit.
1215 3790 1293 3857 Cum
1315 3785 1412 3878 igitur

284 3898 467 3983 supradicte
491 3897 617 3969 decime
637 3901 678 3969 de
709 3902 802 3970 leudo
830 3898 939 3970 dilecti
966 3899 1022 3969 libi
1041 3901 1165 3987 Garini‚
1194 3897 1410 3971 archidiaconi

285 4013 458 4104 Sigalonie,
481 4027 660 4094 mouerent,
686 4013 770 4084 idem
800 4013 1049 4084 archidiaconus
1082 4017 1235 4104 prolatam
1256 4012 1411 4086 uenditio-

285 4151 357 4200 nem
374 4126 459 4199 sieut
470 4126 621 4218 superius
640 4126 940 4200 contineturcuram
957 4130 1054 4199 uubis
1070 4131 1172 4199 uoluit
1186 4141 1218 4200 et
1232 4127 1407 4201 concessit.

322 4445 328 4479 ¹
350 4443 396 4500 Get
411 4445 525 4499 homme
539 4459 570 4498 se
583 4443 718 4499 nommail
732 4442 894 4501 Guillaums
908 4444 1034 4502 Gaucbs.
1049 4444 1082 4500 V.
1100 4443 1144 4501 cb.
1165 4443 1286 4502 CXCIV.
1410 4519 1414 4526 Ι

313 4737 341 4801 a)
358 4736 393 4786 v.
408 4737 453 4789 cu.
467 4736 583 4790 cxcvi.
