3420 5490
763 1022 935 1085 ccxxvnt

762 1318 836 1379 tuin
857 1316 936 1378 1232

287 1568 357 1623 Jean
369 1574 395 1623 et
411 1566 578 1636 Brennum,
591 1583 622 1622 sa
637 1566 749 1638 femme,
767 1567 887 1623 vendent
898 1567 914 1622 a
924 1566 1067 1624 SteCroir
1082 1568 1154 1623 deur
1168 1574 1283 1640 arpenta
1293 1572 1322 1623 et
1334 1566 1413 1623 demi

536 1662 571 1717 de
585 1664 635 1735 prd
648 1664 664 1717 d
679 1663 803 1734 Mareau,
817 1679 889 1735 pour
903 1664 939 1718 ta
953 1664 1036 1719 tivres
1050 1665 1161 1735 parisis.

503 1806 591 1876 (Orip.
615 1824 639 1861 s.
663 1807 758 1878 perch.
781 1807 865 1861 Aren.
891 1806 930 1862 du
954 1806 1198 1876 nereensem

333 2021 492 2091 Omnibus
513 2037 680 2111 presentes
700 2021 822 2093 litteras
837 2023 1045 2113 inspecturis,
1068 2022 1220 2113 viragistev
1241 2025 1413 2109 dotianus,

287 2133 421 2205 oficiatis
441 2134 690 2221 Aurelianensis,
713 2135 745 2205 in
768 2134 905 2206 ttomino
930 2139 1078 2206 satutem.
1102 2135 1252 2207 Noverint
1271 2138 1414 2209 universi

288 2252 373 2339 quod
393 2249 424 2319 in
446 2265 554 2320 nostra
575 2250 740 2340 presencia
761 2249 927 2321 constituti
954 2253 1117 2321 Jotrannes
1145 2264 1178 2321 et
1207 2251 1414 2343 Eremtrurgis

289 2386 367 2435 uxor
392 2366 464 2453 ejus
497 2379 752 2454 recognoverunt
782 2387 817 2434 se
847 2364 1031 2435 vendidisse
1062 2367 1185 2434 decano
1210 2380 1242 2435 et
1271 2364 1412 2457 capituto

290 2480 407 2548 Sancte
425 2476 535 2547 Crucis
555 2476 793 2549 Aurelianensis
818 2480 883 2548 duo
906 2492 1037 2568 arpenta
1057 2493 1090 2548 et
1109 2477 1278 2549 dimidium
1307 2493 1414 2569 prato·

291 2613 362 2661 rum
392 2612 455 2681 que
486 2593 644 2661 trabebant
672 2592 755 2682 apud
787 2589 964 2673 Nuntium,
994 2606 1028 2660 ut
1052 2589 1214 2674 dicebant,
1236 2588 1350 2682 partim
1377 2589 1412 2661 in

289 2703 418 2775 censiva
439 2704 546 2775 Sancti
577 2703 739 2775 Benedicti
768 2718 798 2774 et
823 2706 937 2794 partim
966 2703 998 2772 in
1031 2703 1159 2774 censiva
1192 2702 1345 2793 Stephani
1371 2706 1414 2775 de

291 2819 387 2886 Portu
422 2839 478 2908 pro
514 2818 684 2887 duodecim
716 2815 805 2885 titnis
844 2814 1082 2906 parisiensium,
1116 2818 1157 2886 de
1198 2815 1315 2906 quibus
1350 2814 1414 2907 ipsi

288 2932 451 2999 lohannes
479 2943 511 2999 et
531 2952 609 2998 uxor
632 2932 703 3017 ojrrs
722 2950 758 2997 se
778 2943 949 2997 tennerunt
968 2952 1076 2998 coram
1095 2928 1188 2998 notris
1208 2927 1331 3019 integre
1355 2950 1415 3019 pro

290 3042 424 3133 papatis,
449 3045 510 3112 tide
542 3040 672 3132 prestita
693 3043 918 3132 promittentes
937 3044 1021 3131 ‹prvod
1050 3040 1081 3110 in
1118 3040 1215 3111 dictis
1237 3042 1335 3133 pratis
1356 3066 1416 3133 per

289 3176 324 3225 se
346 3157 392 3223 vet
410 3176 465 3243 per
483 3155 564 3224 atius
577 3153 676 3223 nictrit
698 3157 846 3223 decetero
862 3156 1081 3223 rectarnatrunt
1100 3175 1159 3223 nec
1176 3156 1294 3224 sacient
1312 3158 1415 3225 recta-

290 3265 381 3348 mari,
403 3266 501 3335 irnmo
522 3265 640 3335 dictam
662 3263 884 3335 vendicionem
906 3263 1059 3355 predictis
1078 3268 1201 3334 decano
1221 3279 1254 3334 et
1273 3266 1416 3356 capituto

288 3381 427 3448 adesus
456 3392 488 3447 et
513 3379 768 3447 consuetudines
788 3378 1035 3446 duretianenses
1067 3374 1208 3466 tepitime
1233 3374 1416 3464 percutient

289 3507 400 3563 contra
422 3515 547 3562 omnes.
578 3495 623 3561 ite
647 3514 710 3582 qua
738 3491 834 3562 etiarn
855 3490 1045 3562 vendicione
1068 3490 1220 3583 predictis
1239 3495 1363 3563 deoeno
1382 3506 1416 3565 et

289 3610 429 3700 cupitrdo
458 3620 551 3698 prout
577 3608 773 3677 dictumest
802 3607 1021 3696 garentienda,
1051 3609 1210 3678 librandus
1239 3605 1353 3697 tnittpi
1382 3621 1417 3678 ct

290 3720 458 3791 dautridns
479 3720 649 3791 ttartrarius
670 3744 726 3811 pro
752 3720 848 3790 dictis
873 3723 1017 3791 lotranne
1044 3735 1077 3790 et
1106 3743 1203 3792 uvore
1227 3722 1298 3810 ejus
1317 3722 1415 3813 plegii

289 3833 473 3905 extiterunt.
492 3838 639 3905 t’reterea
659 3834 807 3916 ttdetina,
829 3850 932 3905 mater
951 3832 1035 3904 dicte
1055 3833 1272 3925 Bremtrurpis,
1293 3832 1414 3906 dictam

290 3947 512 4021 vendicionem
533 3952 643 4019 votens
657 3963 690 4021 et
706 3953 887 4041 approbans
907 3951 969 4019 tide
989 3947 1093 4019 media
1108 3946 1307 4021 renunciavit
1323 3952 1413 4022 oanni

285 4063 348 4153 juri
379 4066 464 4154 quod
499 4062 531 4132 in
563 4062 658 4133 dictis
688 4066 786 4155 pratis
807 4062 934 4132 racione
963 4060 1103 4132 dotaticii
1136 4085 1194 4133 seu
1224 4060 1320 4133 etiarn
1353 4062 1416 4135 atia

287 4198 492 4267 quacumque
511 4200 547 4247 er
568 4199 664 4246 causa
686 4180 802 4247 trabere
820 4190 942 4266 poterat
961 4190 1016 4245 aut
1036 4178 1185 4246 debebat.
1207 4180 1241 4246 tn
1254 4178 1350 4268 cujus
1365 4176 1412 4249 rei

289 4290 477 4359 nrcnroriam
493 4314 529 4359 ac
546 4288 765 4359 testimonium
784 4304 951 4381 presentes
969 4292 1091 4359 litteras
1105 4291 1145 4358 ad
1164 4288 1414 4376 requisicionern

287 4401 439 4495 partium,
462 4407 550 4473 salvo
565 4406 636 4493 jure
657 4405 778 4473 domini
799 4402 943 4493 episcopi
961 4400 992 4470 in
1008 4400 1129 4484 onmia,
1147 4400 1214 4471 tieri
1229 4400 1368 4473 decianus
1381 4415 1416 4473 et

288 4516 394 4605 sigitto
414 4516 652 4587 Aurelianensis
671 4516 760 4587 curie
779 4516 934 4586 roborari.
954 4520 1067 4585 Actum
1082 4536 1169 4584 anno
1184 4511 1416 4586 iucarnationis

288 4627 415 4699 nomint
435 4632 513 4699 tdCC
531 4628 695 4700 tricesimo
712 4630 869 4709 secundo,
887 4648 1000 4699 mense
1015 4626 1121 4719 junio.
