3420 5490
779 720 817 730 -
838 684 878 748 43
899 718 940 733 ..

294 821 466 889 nraueaut3
486 805 518 874 iu
533 805 650 893 quibos
669 809 730 875 bec
750 805 887 896 propriis
919 805 1069 878 duximus
1091 807 1297 899 exprimentia
1318 809 1420 879 notui·

292 919 411 988 uibus:
434 917 604 989 ecetesiam
637 930 748 988 sancte
775 921 863 1002 bete,
895 919 1065 990 ecclesiam
1086 919 1189 991 sancti
1223 921 1346 991 biartiui
1378 924 1419 993 de

289 1036 380 1115 brea,
401 1029 572 1102 ecclesiam
590 1029 693 1101 sancti
715 1029 877 1101 Laurencii
894 1045 926 1102 et
945 1032 1047 1102 sancti
1062 1031 1209 1104 Germani
1230 1033 1418 1119 detinebis,

290 1141 463 1215 ecetesiam
483 1146 524 1212 de
542 1143 688 1225 Nobmio,
701 1143 872 1214 ecetesiam
892 1147 932 1215 de
958 1148 1068 1236 Naynr,
1095 1144 1267 1216 ecetesiam
1287 1149 1327 1218 de
1342 1151 1419 1217 Tre·

240 1324 242 1330 .
290 1262 377 1330 muto
399 1259 481 1343 vico,
500 1258 671 1330 ecclesiam
688 1262 728 1330 tte
747 1259 897 1350 trigono,
912 1261 1083 1333 ecetesiam
1104 1266 1144 1334 dc
1157 1261 1300 1345 buriaco,
1315 1266 1419 1334 eccie-

291 1373 371 1444 siam
392 1375 433 1444 tie
453 1376 530 1442 brea
552 1372 661 1456 Baebi,
689 1372 859 1444 ecclesiam
877 1377 917 1446 de
945 1375 1160 1459 terminiacm
1187 1375 1357 1448 ecclesiam
1378 1378 1419 1448 de

291 1485 428 1557 Ruverio
440 1488 464 1568 ¹,
487 1483 658 1556 ecclesiam
675 1488 714 1556 tte
735 1485 894 1577 Sotgiaco,
910 1490 1081 1559 ecetesiam
1096 1488 1292 1575 debentem,
1314 1492 1418 1562 ecclc·

291 1598 371 1671 siam
387 1602 428 1670 de
447 1597 654 1682 Vittamarcii‚
671 1597 841 1671 ecclesiam
863 1602 903 1672 de
931 1600 1033 1686 bitis,
1061 1601 1232 1674 ecetesiam
1252 1606 1293 1674 tte
1318 1601 1418 1674 Ginri·

291 1717 397 1801 niaco,
426 1712 597 1799 ecetesiam
619 1715 670 1805 ‘pie
703 1727 816 1785 sancto
854 1715 985 1787 bertino
1022 1739 1117 1810 sopra
1152 1715 1346 1809 Lugentem,
1384 1732 1417 1790 ct

290 1826 460 1900 ecclesiam
481 1825 583 1898 sancti
604 1827 755 1919 Stepbani
776 1851 839 1918 que
866 1826 945 1900 inira
965 1832 1140 1901 claustrum
1162 1832 1278 1901 Sancte
1304 1830 1417 1902 Crucis

289 1939 349 2012 sita
369 1962 442 2011 esse
461 1938 671 2030 dignoscitur.
695 1945 726 2010 tn
752 1940 913 2012 territorio
941 1942 1136 2033 stampensi,
1169 1942 1338 2014 ecclesiam
1374 1945 1415 2015 tie

218 2114 222 2123 .
290 2056 433 2136 Urmcto‚
463 2066 495 2124 et
527 2051 697 2123 ecetesiam
730 2055 770 2123 tle
808 2053 970 2124 Fontauis.
1000 2056 1034 2124 iu
1056 2051 1215 2125 territorio
1244 2053 1416 2127 Bituriensi

289 2165 459 2237 ecetesiam
489 2168 529 2235 de
550 2164 699 2235 barriaco
710 2166 734 2248 ²,
761 2165 931 2236 ecetesiam
964 2169 1004 2237 de
1023 2165 1177 2251 Puteolis,
1193 2180 1226 2238 et
1245 2166 1416 2238 ecetesiam

289 2282 330 2350 tte
362 2277 494 2350 Caiteio.
525 2276 735 2350 Probibcmns
756 2300 885 2369 quoque
906 2291 941 2348 ut
959 2277 991 2348 in
1013 2278 1165 2370 predictis
1184 2278 1347 2365 ecclesiis,
1368 2282 1416 2352 vei

291 2396 331 2463 ab
355 2414 464 2462 earum
488 2389 696 2483 presbyteris,
714 2390 930 2462 arcbidiaconi
950 2393 1019 2463 sive
1038 2393 1304 2485 archipresbyteri
1325 2415 1418 2465 exac-

292 2505 397 2576 tiones
432 2503 591 2575 indebitas
624 2509 728 2575 iacere
766 2505 899 2575 minime
922 2508 1072 2576 audeant.
1100 2505 1311 2577 [tecoruimus
1339 2528 1416 2596 ergo

291 2633 326 2688 ut
351 2620 429 2688 nolti
459 2616 591 2688 omrviuo
622 2615 788 2687 bominum
814 2619 911 2688 ticeat
933 2621 1086 2708 prefatam
1102 2617 1273 2689 ecclesiam
1294 2633 1415 2689 temere

292 2733 488 2825 perturbare,
512 2745 567 2801 aut
585 2731 655 2821 ejus
676 2727 900 2822 possessiones
919 2733 1043 2802 auterre
1056 2732 1103 2801 vei
1116 2733 1238 2803 abtaus
1258 2730 1412 2816 retinere,

291 2846 450 2928 minuere,
483 2867 541 2916 seo
570 2843 765 2936 quibuslibet
796 2843 1014 2916 vexationibus
1045 2844 1190 2937 fatigare,
1221 2832 1279 2917 scil
1307 2845 1416 2919 omnia

291 2960 413 3054 integra
443 2973 675 3032 conserventur
709 2982 820 3031 eorum
860 2982 916 3052 pro
948 2983 1084 3050 «pirorum
1117 2957 1349 3050 gubernatione
1384 2973 1418 3033 ct

289 3073 525 3147 sustentatione
562 3097 717 3146 cotrcessa
747 3088 823 3145 stvut
861 3074 973 3146 atibus
1009 3072 1205 3147 omnimodis
1238 3079 1415 3166 protutura,

289 3193 377 3261 saiva
408 3187 551 3281 episcopi
577 3190 675 3259 vestri
703 3188 857 3259 canonica
884 3186 1013 3278 justicia
1033 3202 1064 3259 et
1087 3186 1281 3259 reverencia.
1302 3187 1335 3259 Si
1355 3210 1418 3279 qut

290 3301 385 3393 igitur
405 3301 436 3372 iu
453 3306 594 3371 totorum
609 3300 829 3372 ecclesiastica
845 3299 1041 3371 secularisve
1059 3323 1195 3391 persona
1211 3303 1293 3370 itanc
1307 3313 1417 3371 nostre

289 3413 535 3486 coristituciouis
573 3413 719 3506 paginam
753 3412 861 3484 sciens
896 3428 1009 3484 eoutra
1042 3436 1113 3484 eam
1145 3427 1265 3485 temere
1308 3411 1417 3485 venire

289 3529 506 3621 temptaverit,
546 3531 690 3599 secoutio
725 3529 864 3598 terciove
902 3525 1111 3610 commonita,
1151 3525 1212 3597 ruisi
1243 3550 1417 3620 presump-

288 3641 415 3715 cionem
442 3664 532 3712 suam
563 3640 782 3711 satisfactione
813 3663 953 3732 congrua
979 3639 1211 3723 emendaverit,
1247 3640 1416 3732 potestatis

289 3755 485 3846 bonorisqoc
517 3754 565 3825 soi
598 3755 752 3845 digvuitate
784 3768 888 3825 careat
920 3776 1071 3844 reamque
1100 3776 1136 3824 so
1160 3751 1268 3823 divino
1293 3751 1415 3844 judicio

288 3868 424 3942 existere
450 3870 490 3938 rie
524 3883 702 3961 perpetrata
740 3865 906 3958 iuivpuitate
937 3882 1124 3958 cognouerat,
1158 3881 1189 3937 et
1215 3889 1231 3936 a
1260 3864 1414 3938 sacratis·

289 3985 372 4055 simo
395 4006 529 4076 corpore
549 4006 586 4054 ac
606 3981 763 4072 saugmue
785 3981 840 4053 bei
861 3998 892 4052 et
923 3981 1049 4052 borniui
1077 3980 1289 4073 redemptoris
1310 3979 1412 4053 rrtvstri

287 4104 386 4171 ttreso
412 4097 526 4168 tlbristi
546 4096 648 4169 alicua
670 4102 722 4166 tint
752 4111 847 4186 attpre
878 4095 909 4165 iu
935 4110 1076 4166 extremo
1096 4094 1240 4166 arantino
1267 4093 1414 4167 districte

289 4211 407 4283 oicioui
432 4214 606 4301 subjaceat.
625 4210 756 4280 Cvrrrctis
776 4223 882 4278 autem
903 4206 1007 4278 citieur
1028 4211 1100 4278 toro
1117 4230 1175 4278 sua
1192 4210 1262 4298 jora
1283 4230 1414 4278 servan·

288 4327 373 4397 tibus
402 4325 445 4396 sit
474 4348 532 4416 par
555 4323 680 4395 bouriui
708 4324 809 4393 Nostri
838 4326 935 4393 tbesu
966 4320 1095 4404 Cbristi,
1124 4320 1274 4412 atratinus
1302 4337 1334 4392 et
1360 4319 1413 4391 bic

323 4688 331 4724 ¹
351 4688 445 4756 upon
460 4686 562 4743 tautivo
577 4702 649 4758 pour
663 4686 756 4756 Harey
769 4699 804 4740 cn
824 4685 909 4756 berry
925 4683 1101 4753 (Mamaeum)
1115 4682 1157 4740 ct.
1173 4682 1218 4740 cla.
1235 4682 1308 4740 ΧΙΧ.

321 4782 334 4855 ’,
351 4784 477 4844 aaran:
493 4784 625 4840 {turreio
