3420 5490
763 670 943 731 —ttt-

292 794 455 876 Girarilus,
496 800 601 884 Agnes
636 807 669 863 et
703 797 862 879 lebanna,
889 816 1001 864 cerum
1021 816 1148 879 uxeres,
1181 794 1214 863 in
1239 797 1411 865 teterlieta

290 909 427 989 decime,
450 920 551 977 tractu
584 919 617 977 et
642 905 846 997 pertinentiis
867 908 1012 996 ejusdem
1034 908 1160 977 decime
1190 905 1252 977 site
1272 905 1304 977 iu
1319 908 1414 977 laede

288 1020 409 1091 demini
429 1020 573 1110 episcopi
603 1019 852 1101 Aurelianensis,
875 1020 1033 1089 mereatis
1058 1019 1154 1090 etiem
1177 1042 1214 1089 er
1233 1019 1413 1091 hereditate

289 1135 445 1203 ilictarurn
461 1135 592 1222 Agnetis
611 1145 644 1201 et
662 1134 819 1216 lebanne,
837 1144 900 1201 tum
917 1130 948 1200 in
963 1132 1069 1213 lrlsrle,
1087 1130 1173 1213 vine,
1196 1130 1300 1222 napis,
1316 1132 1412 1217 labis,

290 1244 380 1334 pisis,
395 1268 491 1334 qurum
504 1243 536 1312 iu
549 1242 620 1313 aliis
635 1246 732 1312 rebus
745 1242 1002 1333 qrribuscurnque
1019 1256 1132 1313 existet
1144 1245 1259 1313 eadem
1273 1242 1413 1327 cecina,

293 1357 504 1429 vendiderunt
530 1371 562 1427 et
588 1358 826 1446 imperpetuum
846 1356 974 1448 penitus
993 1355 1195 1447 quitaverunt
1215 1356 1293 1427 viris
1320 1380 1417 1429 vene·

291 1470 448 1542 rabilibus
462 1473 585 1542 decane
605 1483 637 1540 et
656 1471 796 1562 capitulo
815 1468 954 1542 ecclesie
973 1469 1213 1543 Aurelianensis
1228 1494 1285 1563 pre
1302 1474 1416 1543 decern

291 1584 380 1655 libris
407 1583 634 1676 parisiensium
658 1582 726 1654 suis
745 1583 858 1675 quitis,
885 1584 1061 1676 dequibus
1086 1584 1149 1677 ipsi
1175 1586 1360 1657 venditores
1379 1610 1417 1659 se

291 1713 461 1770 tenuerunt
483 1720 590 1769 cerain
607 1698 700 1768 nebis
725 1696 848 1789 integre
872 1722 928 1789 pre
949 1698 1072 1791 pagetis
1091 1698 1124 1770 in
1144 1699 1279 1790 pecunia
1301 1722 1417 1773 nume·

291 1829 369 1900 rata,
395 1814 575 1905 exceptioni
616 1830 701 1884 etc...
742 1813 969 1885 Promittentes
1004 1824 1092 1886 cte...
1132 1818 1233 1886 linare
1261 1814 1419 1907 premise-

291 1945 363 2001 runt
375 1940 462 2002 cte...
482 1929 720 2002 Rerruueisntes
738 1944 793 2003 ete.
813 1987 821 2002 .
840 1934 873 2000 ln
888 1933 981 2021 cujus
1000 1930 1045 2003 rei
1071 1930 1259 2003 memoriam
1276 1946 1309 2003 et
1326 1932 1421 2005 testi·

290 2045 433 2116 menium
476 2044 616 2135 sigillum
652 2044 889 2116 Aurelianensis
930 2044 1018 2115 curie
1061 2046 1265 2136 presentibus
1301 2044 1419 2119 litteris

291 2163 442 2229 duximus
462 2162 701 2250 apponenrluin.
724 2163 839 2228 [latram
854 2181 939 2228 anne
954 2157 1082 2229 Domini
1104 2157 1277 2229 rnillesime
1296 2162 1420 2232 ‹lucen-

292 2272 407 2342 tesime
429 2273 668 2362 septuagesimo
688 2286 790 2356 sexte,
812 2293 923 2342 mense
940 2273 1150 2363 septembris,
1174 2273 1228 2341 ilie
1245 2274 1321 2343 lune
1343 2288 1420 2345 aute

293 2390 411 2455 testum
429 2384 531 2455 secreti
554 2385 724 2455 bliebuelis.
1167 2389 1304 2456 'litenis

772 2694 938 2755 CCCXXX!

685 2944 724 3007 Ab
743 2946 924 3007 novembre
951 2945 1029 3008 tete

293 3166 382 3222 Vente
395 3184 432 3222 nu
446 3167 572 3239 chapitre
587 3184 638 3239 par
650 3169 690 3222 les
703 3166 814 3221 salente
829 3166 864 3222 ds
877 3168 982 3222 leanne
997 3166 1032 3221 de
1047 3166 1177 3237 lleisgnnt
1191 3166 1227 3221 tle
1239 3164 1329 3239 partie
1343 3166 1380 3223 ils
1391 3166 1419 3225 ln

543 3264 618 3318 dlrne
630 3264 665 3318 de
680 3264 812 3335 llennery
827 3276 899 3335 peur
914 3264 1040 3318 lllllseus
1053 3261 1163 3334 parisis.

525 3408 615 3479 (Orip.
632 3426 655 3463 s.
671 3406 767 3480 pareb.
783 3408 867 3464 Arcb.
887 3406 1181 3477 dunelmenses).

341 3624 506 3697 Universis
529 3639 696 3717 presentes
715 3624 838 3696 litteras
858 3624 1065 3717 inspecturis,
1083 3624 1229 3697 nllleialis
1248 3626 1338 3697 curie
1357 3630 1419 3697 Au-

297 3736 488 3809 relianensis
503 3742 639 3809 salutern
660 3739 691 3807 in
705 3741 854 3809 llenaine.
874 3744 988 3809 Neturn
1009 3738 1143 3811 liteinins
1155 3742 1241 3830 quenl
1259 3741 1292 3810 iu
1308 3754 1419 3811 nestra

295 3850 461 3944 presencia
481 3853 648 3922 constituti
668 3856 830 3921 lebannes
843 3854 883 3920 de
898 3856 1059 3942 l'lesseye,
1076 3851 1280 3935 beurieellus,
1303 3850 1419 3923 l'sunia

293 3982 323 4037 et
350 3967 549 4047 liuillulurus,
572 3970 696 4050 lintres,
724 3966 812 4035 liberi
839 3969 984 4035 lelranue
1014 3968 1055 4036 tle
1076 3970 1178 4037 blesen
1202 3964 1315 4051 tlaurli,
1337 3968 1419 4037 sinas

295 4095 400 4171 panes
428 4092 561 4162 tractus,
592 4078 715 4147 scilieet
746 4080 854 4148 dietus
882 4082 1044 4149 lebannes
1070 4092 1103 4149 et
1129 4077 1213 4149 tien
1240 4078 1356 4149 Yssnia
1386 4094 1421 4151 et

294 4191 481 4261 Guillebnus
497 4190 621 4261 tertiam
639 4206 759 4280 partein
778 4190 880 4281 ipsius
900 4206 1019 4261 tractus
1033 4214 1130 4281 quem
1149 4213 1186 4262 se
1201 4194 1319 4263 bebere
1331 4190 1420 4263 ‹liee-

295 4308 370 4375 baut
390 4304 421 4373 in
439 4306 576 4394 quadam
603 4319 690 4392 parte
710 4303 835 4373 rleeiine
853 4305 894 4373 sle
911 4302 1103 4385 llenesince,
1128 4303 1190 4375 site
1209 4306 1290 4375 eitra
1310 4306 1421 4397 rippa·

294 4419 372 4487 rinna
401 4420 440 4487 de
461 4419 639 4487 ltenesiaee
665 4440 682 4485 a
708 4430 795 4506 purte
824 4418 960 4486 ecclesie
981 4416 1190 4507 paneebialis
1210 4416 1311 4509 ipsius
1341 4415 1419 4501 leci,

294 4530 346 4621 qui
364 4530 494 4620 rpuirlern
515 4544 634 4599 tractus
661 4544 791 4598 necatur
817 4544 938 4599 tractus
957 4529 1064 4599 Sancti
1085 4530 1252 4621 Stepbaui,
1269 4544 1302 4601 et
1321 4554 1419 4621 ‹puern

294 4659 428 4713 tracturn
445 4644 610 4723 tenebant,
627 4657 660 4710 ut
679 4644 841 4725 dicebant,
861 4644 1034 4733 ecapitule
1053 4642 1286 4725 Aurelianensi,
1308 4642 1420 4713 neubi·
