3420 5490
799 1037 917 1097 LXXX!

813 1285 894 1350 ttte

319 1520 523 1576 Accensement
536 1518 552 1573 t
565 1517 662 1574 Pierre
676 1517 857 1588 d’Orgemont
874 1517 940 1573 d’nn
952 1524 1052 1591 arpent
1063 1518 1099 1574 de
1112 1526 1186 1577 terre
1199 1521 1216 1576 i
1230 1520 1394 1592 Orgemont.

525 1687 619 1758 (Orio.
634 1703 659 1742 s.
676 1685 772 1758 perch.
788 1688 874 1743 Arch.
890 1686 929 1744 dn
943 1687 1047 1759 loiret,
1062 1687 1095 1744 G.
1111 1688 1187 1758 377).

338 1932 403 2019 Ego
428 1933 529 2019 liugn,
552 1932 668 2000 Sancte
692 1926 804 1998 Crucis
823 1931 979 2013 decanus,
999 1941 1032 2000 et
1059 1927 1245 1999 universnm
1270 1932 1418 2020 ejusdem

292 2045 432 2114 ecclesie
445 2041 632 2136 capitulum.
650 2043 809 2113 Omnibus
829 2041 1058 2112 notificandum
1078 2041 1238 2130 duximus,
1256 2057 1319 2115 tam
1336 2048 1420 2115 tutn-

292 2157 337 2226 ris
368 2178 465 2248 quam
494 2155 711 2255 presentibus,
732 2156 806 2247 qnia
832 2178 931 2225 unum
950 2170 1119 2248 arpentum
1141 2170 1225 2227 terre
1252 2160 1339 2247 qnod
1367 2171 1419 2229 est

291 2271 376 2360 apud
402 2268 517 2341 iiordei
537 2284 695 2354 orontem,
715 2266 912 2360 quodetiam
933 2270 1097 2359 prebente
1114 2270 1211 2340 Adam
1239 2267 1366 2355 Brevin,
1384 2284 1418 2343 et

293 2384 457 2474 prebende
477 2381 596 2482 iiirgoti
625 2383 855 2454 canonicorom
885 2395 1012 2475 spectat
1041 2397 1240 2464 nostrornm,
1262 2388 1355 2456 Petro
1375 2388 1416 2457 de

295 2498 522 2571 iiordeimonte
541 2512 572 2568 et
596 2495 699 2588 ipsius
718 2484 920 2581 'heredibus
940 2498 981 2567 od
1005 2496 1199 2588 peticionem
1218 2511 1252 2570 et
1276 2500 1420 2570 voiunta-

293 2624 357 2680 tem
379 2609 673 2700 prenominatorum
694 2611 758 2678 nde
773 2622 804 2680 et
820 2606 961 2699 ityrgoti,
993 2607 1025 2677 in
1046 2623 1235 2700 perpetuum
1252 2610 1419 2681 concessi·

293 2743 378 2804 ntor,
410 2720 452 2791 ita
480 2724 565 2810 quod
585 2719 645 2810 ipsi
672 2734 705 2791 et
724 2742 932 2791 successores
951 2719 1099 2791 canonici
1130 2721 1187 2809 qni
1206 2742 1319 2792 eorum
1346 2743 1418 2813 pre·

293 2835 415 2903 bendas
436 2834 628 2902 obtinebunt
660 2830 823 2902 annuatim
849 2831 881 2900 in
907 2835 988 2903 testo
1013 2846 1125 2904 sancte
1140 2831 1250 2905 Crucis
1268 2835 1309 2905 de
1339 2832 1419 2905 iiaio

297 2961 362 3017 tres
381 2944 503 3017 aotitos
533 2969 589 3037 pro
616 2968 715 3016 censo
742 2959 774 3015 ct
797 2944 935 3030 decima,
958 2958 990 3016 et
1010 2944 1216 3018 vendiciones
1242 2960 1275 3018 et
1297 2950 1418 3020 revela·

295 3062 415 3145 tiones,
431 3062 560 3151 qnando
579 3058 738 3143 accident,
754 3057 829 3128 inde
847 3061 1022 3129 habebunt.
1037 3063 1074 3130 tn
1088 3074 1195 3132 antem
1213 3062 1276 3132 lroe
1291 3060 1324 3131 in
1341 3085 1414 3154 pos·

294 3187 397 3244 terum
425 3188 528 3244 ratnnr
560 3188 593 3245 et
619 3174 851 3243 inconcussum
882 3189 1078 3265 permaneat,
1107 3197 1242 3266 presens
1261 3175 1417 3267 scripturn

294 3288 369 3358 inde
407 3287 542 3357 fecintns
593 3301 625 3355 et
673 3285 767 3375 sigilii
800 3285 899 3355 nostri
934 3288 1103 3357 actoritate
1140 3285 1414 3361 confirmavimus.

294 3407 406 3472 Actum
434 3424 519 3470 anno
553 3398 706 3470 incarnati
728 3403 822 3469 Verbi
851 3402 978 3469 ttctxx
998 3401 1155 3471 secundo.
1188 3400 1353 3473 Ordinatio
1383 3403 1416 3473 io

292 3513 430 3585 ecclesia
452 3527 559 3585 nostra
587 3513 761 3603 majoribus
800 3513 948 3604 personis
974 3517 1106 3604 lingone
1130 3515 1267 3599 decano,
1294 3518 1417 3589 Andron

292 3642 436 3709 cantore,
470 3629 600 3697 iretoido
631 3628 828 3711 subdecano,
851 3629 998 3697 Manasse
1029 3624 1200 3717 capicerio.
1221 3629 1417 3703 Caneciiario

293 3743 393 3811 nolio.

292 3937 506 3948 ——

292 4055 363 4126 pitre
377 4054 461 4108 d'une
485 4054 570 4124 &glise
594 4053 773 4125 particuiiors
787 4070 901 4109 inenace
925 4053 1223 4110 o’excommunteation
1246 4070 1286 4110 ttn
1309 4057 1416 4129 ireque

289 4145 337 4216 qui
352 4143 443 4199 aurait
457 4144 579 4214 quotque
595 4143 710 4214 pensiori
726 4159 775 4197 sur
790 4144 831 4198 les
845 4143 984 4198 beneficos
998 4144 1157 4215 dependant
1171 4143 1206 4199 de
1217 4143 1324 4215 l'eulise
1335 4145 1416 4203 ‹tor-

289 4235 379 4290 leans.

324 4323 345 4377 il
362 4323 465 4395 pavait
478 4322 552 4376 donc
565 4339 602 4376 un
615 4324 666 4391 nge
681 4322 733 4376 tire
748 4324 852 4393 auquel
864 4338 899 4376 on
915 4324 1027 4394 ponveit
1040 4324 1099 4378 &tre
1111 4321 1228 4377 admisi
1242 4325 1336 4395 preter
1349 4341 1415 4381 ser-

288 4421 374 4467 ment.
392 4412 461 4466 Mais
477 4428 512 4465 on
528 4412 641 4482 poninit
657 4410 790 4482 possedes·
805 4427 860 4466 une
875 4410 1018 4483 prebenda
1031 4417 1118 4469 ovant
1131 4428 1164 4467 ce
1178 4412 1325 4485 tempo-iti,
1345 4413 1416 4469 onst

287 4518 342 4573 qne
355 4502 382 4557 io
397 4502 460 4556 titre
475 4500 633 4556 l'annonce.
651 4520 664 4554 r

324 4592 357 4645 V.
371 4593 388 4645 t
403 4592 519 4659 cequ'et
535 4589 560 4643 in
575 4590 671 4643 nnana
687 4590 769 4655 nott,
781 4590 829 4660 qui
844 4590 950 4662 prevoit
964 4589 989 4646 le
1009 4605 1056 4645 cas
1067 4591 1134 4646 d’un
1148 4591 1287 4647 ehenoine
1305 4593 1416 4665 n’amt

287 4693 338 4748 pu
352 4678 424 4747 t'ine
437 4676 473 4732 de
488 4678 615 4748 poberto.
