3420 5490
767 643 925 708 ..63-

286 787 336 847 est
360 776 507 844 voluutas
525 772 595 862 ejus
614 767 778 860 quoniam,
811 772 837 841 si
868 792 925 861 pro
951 768 1059 860 atiquo
1090 792 1147 840 ros
1176 769 1334 862 rogaverit
1357 774 1407 843 ret

285 883 473 979 praeceperit
498 885 584 975 quod
601 880 643 954 sit
658 894 772 954 contra
792 883 1063 954 consuetudinem
1084 896 1234 971 vestram,
1256 905 1321 954 non
1338 907 1408 977 gra-

282 999 368 1072 vabit
387 1023 459 1071 enm
486 997 513 1070 si
545 1021 600 1069 ros
624 1020 687 1068 uon
708 994 928 1068 satisfeceritis
947 995 989 1068 ei.
1016 1000 1080 1068 boe
1099 995 1232 1090 quidem
1251 998 1292 1069 de
1311 1021 1407 1071 eons-

282 1113 398 1185 cientis
419 1136 476 1184 soa
495 1114 585 1183 vobis
601 1109 772 1183 scribimus
792 1133 828 1181 ex
849 1124 937 1202 parte
964 1134 1035 1194 sua,
1056 1123 1089 1182 et
1106 1134 1203 1203 super
1222 1113 1284 1184 boc
1306 1124 1407 1186 testes

282 1230 374 1299 uobis
393 1249 519 1309 sumus,
535 1239 566 1297 ct
587 1248 726 1317 semper,
749 1225 899 1315 quotiens
919 1226 1110 1315 oportuerit,
1132 1223 1263 1297 erimus.

781 1608 905 1670 ΧΧΧΙΙΙ

757 1881 936 1964 [sao-susq

344 2133 460 2190 Cbertes
473 2134 500 2189 te
514 2133 626 2191 Gbaore
638 2135 773 2191 conttrme
787 2132 827 2189 les
841 2131 1016 2206 possessioni
1030 2133 1065 2190 de
1079 2133 1184 2206 t’egttse
1198 2131 1354 2190 d'0rieans.

647 2329 746 2403 (Cupie
762 2329 797 2386 de
811 2329 922 2399 baiano,
936 2345 965 2402 p.
981 2327 1040 2399 31.)

325 2601 358 2668 br
384 2595 515 2669 nomine
534 2609 656 2669 sanetae
680 2607 712 2669 et
732 2594 904 2668 indiuidute
931 2597 1110 2681 Trinitatis,
1142 2597 1288 2684 Karoius,
1310 2596 1410 2689 gratia

284 2709 341 2782 Dei
367 2735 432 2782 rer.
454 2711 485 2783 Si
504 2709 711 2803 petitionibus
731 2713 936 2783 sacerdotum
957 2734 1016 2804 pro
1031 2709 1228 2801 quibuslibet
1240 2709 1411 2783 ecciesias-

286 2822 358 2896 tieis
376 2823 624 2897 necessitatibus
641 2849 737 2897 aures
758 2838 884 2896 nostras
907 2823 1101 2917 pulsantium
1126 2824 1264 2896 libenter
1291 2828 1412 2896 annui-

286 2962 371 3025 mus,
393 2952 425 3010 et
440 2961 495 3011 eas
510 2962 583 3010 eum
604 2939 660 3011 bet
680 2940 796 3011 auritio
811 2942 851 3011 ad
866 2942 1015 3012 abactam
1033 2940 1253 3030 perducimus,
1271 2937 1412 3039 innubis

286 3055 325 3125 ad
352 3065 481 3124 aeternae
512 3051 779 3125 remunerationis
808 3053 937 3145 praemia
973 3056 1171 3146 capessenda
1204 3057 1407 3146 profuturum

287 3165 409 3258 liquido
428 3166 602 3239 credimus.
631 3167 728 3257 bgitur
745 3180 856 3238 uotum
874 3190 948 3239 esse
980 3169 1128 3238 volumus
1144 3164 1310 3258 sagacitati
1332 3169 1410 3239 tite·

287 3279 363 3350 bium
384 3295 580 3366 nostrorum,
603 3279 809 3372 praesentium
826 3279 975 3351 videlieet
998 3293 1030 3350 et
1056 3283 1249 3366 futurorum,
1283 3296 1410 3351 necnon
1529 3354 1532 3360 ,

287 3415 511 3464 suceessorum
540 3406 735 3473 nostrorum,
769 3390 841 3483 qtria
872 3392 985 3464 adiens
1029 3391 1234 3463 serenitatem
1268 3406 1411 3462 nostram

288 3508 398 3587 Jonas,
415 3503 651 3576 Aurelianensis
671 3503 858 3596 episcopus,
879 3503 1018 3575 innotuit
1045 3505 1140 3574 nobis
1164 3502 1301 3593 qualiter
1319 3501 1411 3586 otim,

290 3617 430 3709 peccatis
451 3616 735 3709 praepedientibus,
758 3618 874 3688 domus
893 3616 950 3688 Dei
971 3641 1042 3708 qrrae
1073 3615 1104 3686 iu
1131 3618 1244 3687 cartem
1274 3618 1353 3687 urbe
1380 3615 1412 3686 in

288 3735 411 3801 bonore
428 3744 549 3802 sanetae
567 3743 598 3800 et
619 3731 752 3800 uiribrae
772 3727 883 3801 Crucis
902 3733 969 3800 Deo
989 3744 1038 3800 cst
1063 3728 1179 3814 (licata,
1211 3727 1264 3800 ubi
1298 3752 1413 3801 munus

291 3843 417 3916 bomini
438 3847 596 3938 apparuit,
616 3848 698 3917 adeo
719 3843 882 3917 bumiliata
903 3858 936 3917 et
955 3847 1053 3917 rebus
1072 3843 1114 3916 sit
1133 3843 1307 3929 exinanita,
1328 3859 1414 3919 utet

289 3977 455 4033 tessaurus
474 3960 576 4054 ipsius
594 3962 781 4034 ecetesioea
813 3958 1091 4032 christianissimus
1118 3959 1317 4052 principibus
1346 3965 1413 4034 Deo

289 4078 426 4161 oblatus,
449 4089 481 4148 et
507 4078 654 4167 quedam
676 4074 887 4147 instrumenta
919 4088 1092 4154 cartarum.
1126 4097 1183 4166 per
1204 4096 1277 4164 quae
1309 4097 1362 4146 res
1381 4088 1414 4147 et

289 4190 446 4283 mancipia
466 4189 569 4264 eidem
588 4189 736 4264 eeclesiae
755 4189 872 4263 tuerint
885 4191 1052 4282 delegate,
1064 4189 1265 4261 diversorum
1280 4210 1414 4260 casuum

324 4560 334 4597 ¹
354 4559 642 4618 Cburtes-le-Gbaure
657 4566 752 4617 monta
766 4577 816 4618 sur
831 4561 857 4617 le
872 4559 1196 4630 trbneensst0310nus,
1212 4559 1319 4631 &reque
1333 4557 1415 4616 d’0r·

290 4651 378 4722 teano,
394 4657 509 4708 mourut
521 4668 557 4709 en
569 4650 633 4709 843.
