3420 5490
768 788 806 803 -
829 757 888 821 359
915 793 949 803 -

294 888 349 957 tita
368 887 561 980 promittens
580 888 665 977 quod
690 896 801 956 eontra
822 886 940 955 dietam
972 883 1190 958 venditionem
1217 911 1273 980 per
1301 912 1338 961 se
1365 914 1423 963 seu

293 1025 349 1092 per
369 1000 463 1071 atium
484 1023 687 1091 quacumque
706 1022 743 1070 er
765 1021 861 1070 eausa
879 1001 989 1070 venire
1008 999 1221 1092 imposterum
1240 1007 1423 1078 nuttarenns

292 1113 506 1204 attenrptabit,
528 1113 625 1183 immo
645 1116 766 1183 dietum
793 1125 960 1204 arpentum
991 1112 1082 1184 vinee
1114 1114 1209 1186 dietis
1240 1119 1364 1188 deenno
1391 1114 1426 1189 ε(

293 1226 432 1317 capituto
452 1238 485 1296 et
500 1226 561 1295 itiis
580 1227 635 1315 qui
651 1228 691 1295 ab
706 1224 786 1315 ipsis
801 1245 932 1295 eausam
950 1228 1114 1296 habebunt
1134 1227 1324 1318 possidendi
1342 1232 1422 1320 tegi-

293 1339 370 1410 time
382 1339 539 1430 garentiet
550 1353 661 1410 eontra
674 1360 800 1409 omnes.
815 1342 901 1409 Hane
913 1350 1020 1409 autem
1034 1337 1252 1412 venditionem
1263 1345 1421 1428 Iohanne,

293 1465 392 1522 mater
409 1451 484 1522 dieti
503 1454 579 1534 nde,
600 1455 713 1522 Petrus
732 1448 866 1532 Guitart,
885 1450 1013 1521 Aeetina
1033 1453 1106 1541 ejus
1123 1475 1215 1536 uror,
1237 1457 1420 1547 Stephanus

293 1564 414 1636 Guitart
432 1578 464 1637 et
484 1566 574 1637 Maria
590 1567 661 1656 ejus
681 1588 760 1635 uror
780 1565 924 1635 retentes
951 1576 983 1635 et
1012 1563 1186 1637 liberaliter
1203 1568 1419 1660 approbantes

292 1702 348 1771 per
366 1683 460 1751 fidem
481 1704 571 1750 snam
587 1680 618 1749 in
636 1701 732 1749 uranu
749 1691 860 1749 nostra
873 1679 1057 1770 prestitam,
1074 1682 1210 1750 isabetta
1223 1693 1254 1751 et
1268 1683 1422 1752 [taduttus

292 1805 324 1863 et
352 1797 453 1884 ttugo,
482 1792 571 1864 tiberi
599 1790 704 1884 ipsius
728 1794 887 1875 lotranne,
908 1795 1021 1863 tratres
1041 1790 1117 1863 dieti
1139 1794 1217 1875 Arte,
1240 1816 1296 1885 per
1315 1816 1423 1866 saera-

293 1918 436 1976 mentum
457 1905 625 1996 prestitum
645 1907 685 1974 ab
706 1903 785 1995 ipsis
800 1926 908 1974 eoram
928 1904 1023 1974 nobis
1043 1904 1261 1994 promiserunt
1280 1908 1366 1996 quod
1385 1905 1418 1977 in

293 2018 378 2088 dieto
406 2031 540 2109 arpenta
567 2018 658 2087 vinee
687 2039 744 2108 per
770 2039 806 2086 se
835 2037 892 2086 seu
924 2038 980 2106 per
1005 2017 1084 2087 aiios
1113 2016 1211 2088 nielrit
1243 2019 1283 2089 de
1311 2031 1421 2090 cetero

292 2134 524 2214 reclamabunt,
548 2154 608 2202 nee
634 2128 750 2202 taciem
769 2128 948 2201 reclamari.
982 2134 1063 2216 Quia
1093 2152 1168 2202 vero
1188 2131 1293 2203 dietus
1314 2136 1417 2224 Hngo,

293 2248 388 2314 trater
413 2243 497 2315 dicte
522 2246 599 2322 nde,
622 2256 689 2314 erat
708 2245 813 2314 adime
838 2241 870 2312 io
903 2242 1016 2313 minori
1043 2256 1127 2316 etate
1155 2244 1366 2330 constitutus,
1384 2260 1419 2318 ut

291 2357 467 2441 dicebatur,
492 2357 623 2451 predicti
650 2359 747 2429 uriam
775 2357 925 2443 eierieus,
945 2360 1038 2430 trater
1056 2360 1139 2452 ejus,
1171 2373 1203 2432 et
1233 2363 1418 2453 Stephanus

291 2472 423 2556 Guitart,
453 2472 610 2557 sororius,
655 2474 759 2544 eidem
802 2476 928 2565 tingoni
968 2487 1224 2565 mamreeperunt
1256 2498 1313 2566 pro
1346 2472 1418 2569 ipso

291 2594 435 2681 lingone,
452 2591 577 2660 minure
593 2601 626 2659 ut
640 2587 761 2659 dietum
777 2602 839 2672 est,
856 2591 942 2679 quod
958 2589 1043 2661 idem
1054 2604 1164 2661 eontra
1177 2591 1294 2662 dietam
1310 2588 1420 2662 rendi-

290 2703 409 2774 tionem
425 2727 489 2773 non
511 2702 615 2774 reniet
642 2702 674 2770 in
704 2705 859 2784 futurum,
880 2716 912 2774 et
929 2705 1016 2793 quod
1036 2701 1144 2774 dietus
1163 2707 1265 2795 lingo,
1286 2707 1415 2795 qnando

289 2817 326 2882 ad
365 2827 481 2884 etatem
529 2812 704 2901 legitimam
738 2813 914 2898 devenerit,
960 2814 1029 2905 ipse
1072 2817 1265 2885 concederet
1306 2816 1418 2885 rendi-

290 2924 408 2997 tionem
426 2924 613 3016 predictam.
629 2929 666 2994 Et
679 2928 719 2995 de
734 2928 795 2995 troc
811 2924 957 2997 faciendo
970 2925 1045 2997 dieti
1061 2928 1157 2997 ndum
1174 2941 1207 2999 et
1220 2931 1414 3018 Stephanus,

289 3038 431 3109 sororius
450 3043 534 3129 ejus,
555 3038 663 3108 omnia
684 3042 765 3108 bona
795 3062 852 3110 sua
874 3051 936 3108 tarn
957 3040 1084 3110 mobitia
1109 3062 1205 3129 quarn
1238 3039 1414 3111 immobilia

290 3151 440 3242 predictis
452 3156 574 3223 decano
585 3166 617 3223 et
630 3152 770 3243 capituto
784 3175 892 3222 eoram
906 3155 1001 3223 nobis
1020 3154 1053 3221 in
1067 3153 1321 3244 eontraptegium
1334 3161 1417 3227 assi·

289 3279 436 3354 gnarunt.
474 3269 587 3336 netum
621 3267 660 3334 ad
694 3264 934 3353 requisitionem
974 3265 1122 3355 partium,
1162 3288 1248 3335 anno
1285 3266 1434 3350 Domini,

290 3380 416 3446 ttccxt
436 3377 541 3463 tertio,
565 3399 677 3448 mense
692 3376 799 3467 apriti.

788 3691 912 3753 CCLXV

764 3964 840 4026 tuin
856 3963 935 4027 1243

288 4186 376 4241 Vento
391 4203 425 4241 au
439 4186 564 4259 chapitre
577 4205 614 4245 au
628 4191 689 4261 prix
708 4191 744 4260 de
758 4192 812 4247 100
826 4192 909 4247 tiores
933 4192 1032 4263 parisis
1056 4193 1091 4248 de
1115 4200 1214 4265 quatre
1236 4198 1351 4268 arpent·
1375 4193 1410 4251 de

483 4283 562 4352 vigne
575 4286 615 4338 a«
631 4288 710 4341 Orno
726 4303 776 4357 par
791 4288 927 4358 manasse,
943 4288 1033 4359 dopen
1055 4288 1214 4346 d'Orteans.

510 4428 598 4498 (Oria.
619 4446 642 4483 s,
663 4432 757 4501 purch.
779 4430 864 4487 Aren.
885 4432 923 4487 dn
938 4433 1044 4503 Loiret,
1057 4436 1091 4491 G.
1111 4434 1188 4506 stt.)

333 4620 492 4691 Omnibus
508 4635 675 4710 presentes
694 4622 815 4693 litteras
828 4623 1023 4716 inspecturis
1037 4627 1184 4699 officiatis
1203 4630 1410 4699 Aurelianen-

289 4732 334 4803 sis
351 4736 487 4805 saiutem
510 4733 541 4803 in
562 4737 712 4807 Domino.
728 4735 880 4808 Norerint
899 4739 1037 4810 universi
1055 4743 1142 4830 quod
1156 4740 1189 4811 iu
1203 4755 1312 4813 nostra
1333 4765 1407 4834 pre·
