3420 5490
765 648 944 716 -tlu-

293 791 356 849 tem
377 800 415 849 er
435 800 498 848 una
531 791 619 870 parte
647 791 731 850 terre
750 776 862 848 llatliei
897 778 1043 864 llordais,
1070 790 1103 849 ct
1127 800 1164 849 cx
1196 782 1296 851 altera
1325 792 1414 871 parte

293 891 341 964 vie
359 915 421 984 qua
439 892 502 962 itur
520 894 561 963 de
579 891 714 963 lloverio
732 894 816 983 apud
830 892 993 977 l'illerdu3
1014 891 1091 963 item
1122 895 1292 984 quamdam
1318 894 1415 965 alia·

291 1004 408 1099 petiam
426 1018 510 1077 terre
525 1029 588 1097 que
608 1019 740 1076 vocatur
754 1008 879 1077 L’Oclie
899 1008 938 1077 de
958 1008 988 1077 la
1012 1005 1175 1093 lletocrie,
1194 1004 1414 1079 coutinentem

291 1117 401 1210 viginti
430 1132 567 1209 quatuor
588 1141 632 1190 m.
658 1142 687 1189 s.
714 1131 752 1205 t.,
774 1121 1022 1191 coadliereutcm
1040 1133 1123 1191 terre
1154 1119 1230 1191 dicti
1268 1122 1415 1211 magistri

291 1229 406 1323 Plrilipi
427 1234 515 1303 dela
535 1235 680 1313 Galoere,
708 1229 830 1315 clerici,
855 1253 893 1302 ex
909 1254 972 1303 una
991 1244 1092 1323 parte,
1118 1246 1150 1303 ct
1180 1246 1264 1304 terre
1301 1232 1414 1303 llatlaei

289 1343 434 1430 llordais,
473 1368 510 1415 eu
529 1348 649 1430 altera;
684 1367 809 1416 necnon
835 1346 965 1415 domum
992 1360 1024 1417 et
1051 1344 1238 1437 granchiam
1267 1345 1347 1418 sitas
1378 1346 1412 1419 iu

290 1456 377 1531 dicto
396 1463 467 1531 loco
485 1474 516 1530 et
535 1458 690 1551 ‹pavicvpuid
715 1462 864 1545 lialvolvat,
896 1461 1015 1530 lialvere
1045 1473 1168 1553 poterat
1199 1461 1248 1533 vel
1276 1461 1415 1533 debellat

291 1586 436 1665 tempore
452 1573 537 1645 dicte
552 1573 756 1645 vendicionis
775 1573 807 1643 iu
821 1572 908 1643 dicto
920 1576 992 1644 loco
1011 1575 1051 1645 de
1070 1576 1174 1646 liores
1194 1577 1242 1647 vel
1260 1573 1360 1661 circa,
1379 1576 1414 1647 in

290 1686 491 1780 parrochiam
512 1690 551 1757 de
567 1688 702 1758 llovreio
722 1692 839 1758 Sancte
856 1686 966 1757 Crucis
980 1689 1027 1756 vel
1048 1688 1147 1771 circa,
1167 1690 1207 1758 de
1220 1690 1314 1759 leode
1330 1688 1414 1759 l‘etri

289 1815 321 1871 et
340 1803 469 1871 luberti
490 1804 622 1872 tratrem
643 1802 683 1871 de
706 1799 892 1891 Villerpium
924 1798 1059 1869 militum
1093 1799 1273 1885 moveucia,
1304 1800 1415 1893 precio

289 1928 505 1984 trecentarum
526 1926 558 1983 et
577 1910 786 2002 quadraginta
802 1911 953 1981 librarum
974 1910 1214 2002 parisiensium,
1235 1913 1416 2003 dequibus

288 2048 324 2096 se
344 2026 446 2098 tenuit
466 2025 572 2096 dictus
592 2027 684 2096 miles
699 2047 807 2095 coravu
828 2023 922 2095 noliis
951 2024 1074 2115 integre
1088 2048 1145 2115 pro
1165 2039 1278 2116 pagato
1302 2024 1336 2095 iu
1358 2048 1416 2117 pe·

288 2138 382 2210 cunia
435 2152 613 2211 numerata.
648 2137 851 2209 lleuvvucians
891 2160 999 2208 corana
1030 2139 1126 2209 nolis
1157 2150 1244 2210 etc...
1280 2138 1417 2211 Pronrit·

288 2268 371 2341 teus,
389 2268 474 2324 ctc...
497 2257 558 2324 llus
578 2266 685 2324 autent
706 2252 928 2323 vendicionem
948 2265 980 2323 ot
997 2250 1215 2342 quitacioucm
1232 2266 1265 2324 et
1279 2252 1415 2325 dontiuii

290 2371 531 2440 translationem
544 2367 668 2454 llatliiu,
681 2391 759 2438 uror
773 2366 848 2438 dicti
865 2365 1005 2445 llolverti,
1020 2389 1083 2437 uon
1103 2365 1131 2439 vi
1149 2389 1213 2437 uon
1227 2369 1302 2438 dolo
1316 2370 1415 2441 ducta

288 2504 350 2553 nec
366 2482 460 2553 etiam
481 2482 710 2565 circumventa,
733 2483 790 2551 sed
806 2494 983 2571 spontanea
1005 2502 1068 2550 non
1084 2494 1195 2552 coacta
1217 2482 1328 2561 voluit,
1346 2484 1416 2553 lau-

289 2595 374 2666 davit
388 2609 419 2666 et
438 2593 601 2666 concessit
620 2609 652 2665 et
673 2593 845 2665 liberaliter
860 2595 1058 2685 approbavit,
1100 2593 1303 2687 prominens,
1319 2600 1413 2667 etc...

289 2708 539 2792 llcvuunciautes,
568 2720 653 2780 etc...
682 2711 717 2778 lu
741 2710 833 2798 cujus
853 2706 898 2778 rei
920 2706 1106 2779 memoriani
1137 2721 1170 2779 et
1190 2706 1412 2779 testimonium

289 2838 457 2917 presentes
486 2824 608 2893 litteras
627 2821 734 2913 sigillo
750 2837 861 2892 nostro
882 2821 976 2893 dictis
1004 2826 1128 2893 decano
1147 2835 1178 2893 ct
1197 2821 1338 2914 capitulo
1371 2824 1412 2893 ad

288 2937 536 3031 requisiciouovu
550 2938 708 3010 dictorum
730 2937 858 3009 lloliotti
879 2951 911 3008 et
928 2936 1042 3009 llrttlrie
1070 2940 1142 3030 ejus
1156 2936 1261 3009 uxoris
1282 2934 1416 3009 tradidi·

289 3078 362 3127 mus
376 3055 542 3149 sigillatas.
564 3059 681 3127 llatum
701 3077 786 3128 anuto
807 3053 935 3125 llovuini
955 3056 1082 3125 neuun
1107 3062 1140 3091 '⁰
1159 3057 1277 3148 primo,
1298 3074 1414 3127 ariense

289 3193 387 3242 maro.

789 3484 914 3545 CCCXll

604 3758 794 3831 l'outuiues,
817 3755 856 3817 23
874 3756 1006 3835 janvier
1023 3756 1102 3817 tutte

288 3987 378 4042 uento
393 4002 443 4058 pur
462 3988 496 4039 tl.
508 3986 608 4040 lodoin
621 3992 648 4040 ut
663 4004 692 4042 sa
708 3986 814 4041 luvvville
828 3993 856 4041 et
869 4004 918 4057 pur
938 3987 980 4041 les
999 3986 1111 4041 ouliruts
1127 3986 1162 4041 de
1177 3986 1246 4041 leau
1261 3986 1297 4041 de
1312 3986 1416 4043 Romo·

323 4084 414 4138 ravvtin
424 4101 459 4138 au
474 4084 608 4156 chapitle,
622 4100 692 4154 pour·
702 4082 847 4137 llllllivres
859 4083 995 4153 tournoit,
1012 4082 1061 4136 des
1071 4082 1162 4137 dianes
1175 4082 1263 4139 deute
1273 4088 1301 4137 el
1325 4084 1360 4139 vlu
1370 4084 1417 4141 viu

324 4182 358 4235 dc
383 4181 534 4236 l'untuiues
556 4198 590 4235 en
618 4182 750 4251 Soluguc.
780 4180 906 4234 diutinus
934 4179 1110 4251 del'dvdquu
1131 4180 1418 4253 d'tlrleaus,quiri-

325 4294 406 4331 servo
421 4294 452 4331 su
464 4276 627 4347 juridiction
644 4277 811 4346 (tn-leuuca
830 4276 933 4329 ldvvier·
950 4276 1039 4341 lutto).

518 4424 607 4491 (linig.
628 4440 651 4475 s.
669 4422 764 4492 paren.
783 4421 867 4475 Arclr.
884 4420 922 4475 riu
938 4420 1041 4491 Loirel,
1054 4422 1088 4479 (i.
1104 4422 1185 4493 325.)

333 4641 506 4723 llolioutus,
545 4638 649 4707 diviua
703 4637 908 4709 vulseratioue
941 4637 1180 4711 Aurelianensis
1227 4638 1415 4737 episcopua,
