3420 5490
747 685 926 750 ,433-

274 814 422 882 Ysabelie
443 812 584 902 sigittnm
612 812 700 884 curie
721 812 960 885 Aurelianensis
986 815 1137 887 duximus
1160 821 1400 909 apponendum.

272 930 387 995 {tatum
422 949 508 996 anno
542 926 668 997 Domini
701 926 874 999 millesimo
904 929 1128 1001 ducentesimo
1161 932 1402 1024 septuagesimo

270 1052 395 1122 octavo,
414 1041 466 1111 die
481 1039 592 1110 martis
606 1055 680 1112 ante
701 1043 817 1112 testum
832 1055 1017 1114 sanctorum
1039 1045 1188 1135 Symonis
1202 1060 1235 1117 et
1248 1049 1354 1120 iudei.

1131 1162 1287 1232 Martisue.

760 1446 908 1507 CCCXLV

725 1746 762 1808 18
782 1747 848 1810 mai
866 1746 944 1809 1279

271 1997 361 2051 Vento
376 2012 412 2051 au
427 1997 553 2069 ehnpitre
575 2013 626 2069 par
640 1997 758 2052 Hemart
772 1996 807 2053 de
822 1997 936 2069 Trugnp
956 1996 990 2052 de
1004 2013 1050 2054 sss
1069 1998 1245 2070 possessione
1261 1998 1296 2054 de
1311 1999 1401 2056 Morst

568 2108 641 2164 pour
653 2092 707 2149 160
719 2093 802 2149 tiores
817 2092 870 2149 100
883 2108 951 2149 snus
966 2093 1068 2164 psrisis
1079 2093 1099 2152 ¹.

506 2241 594 2312 (θήῃς.
610 2259 633 2297 s.
650 2242 744 2313 perch.
762 2241 847 2296 uren.
864 2240 902 2296 dn
916 2240 1020 2312 boissi,
1037 2241 1070 2297 G.
1085 2241 1163 2314 365.)

318 2482 478 2556 Universis
507 2498 676 2574 presentes
705 2485 826 2557 titterus
854 2482 1049 2576 inspecturis
1073 2483 1222 2556 officiatis
1257 2482 1400 2556 Aurelia-

271 2597 381 2667 nensis
412 2600 548 2669 satutem
578 2598 609 2668 in
637 2598 785 2669 Domino.
815 2598 972 2670 Noveritis
1001 2600 1086 2690 qrrod
1115 2620 1223 2669 eoram
1249 2595 1344 2669 nobis
1367 2594 1400 2666 in

270 2713 339 2804 jure
355 2711 522 2784 constituti
541 2716 717 2785 Hemardus
737 2714 777 2784 de
789 2712 983 2805 Truigniaco
1000 2728 1033 2785 et
1047 2713 1203 2805 Phiiippo,
1218 2715 1289 2803 ejus
1309 2735 1398 2796 uror,

270 2826 482 2897 vendiderunt
506 2840 538 2897 et
557 2827 686 2897 nomine
708 2827 902 2899 venditionis
922 2827 1161 2918 inperpetuum
1184 2825 1401 2918 quittaverunt

270 2939 507 3010 venerabilibus
521 2943 643 3011 decano
658 2955 690 3012 et
707 2940 847 3031 capituto
862 2938 1082 3011 aurelianensi
1097 2938 1250 3030 quioquid
1267 2940 1400 3023 habent,

270 3067 380 3122 teuent
413 3068 445 3122 et
476 3051 644 3143 possident
677 3053 708 3123 iu
745 3051 849 3134 terris,
883 3051 1046 3136 domibus,
1074 3050 1341 3145 possessionibus
1369 3065 1401 3124 et

270 3166 340 3236 otiis
359 3168 501 3238 terreuris
521 3168 790 3258 qrribuscumque,
812 3167 883 3238 sitis
896 3169 980 3258 apud
998 3171 1098 3238 tiores
1119 3168 1152 3237 iu
1174 3165 1340 3257 parrochia
1360 3169 1401 3239 ds

273 3285 414 3371 ttovreyo
428 3286 544 3351 Sancte
564 3281 688 3365 Crucis,
709 3284 740 3350 in
762 3284 858 3352 teudo
880 3280 962 3351 Petri
984 3284 1217 3365 Courteheuse,
1232 3279 1399 3371 armigeri,

272 3397 380 3485 precio
401 3393 503 3464 octies
524 3394 632 3485 viginti
658 3393 808 3465 librorum
834 3392 1057 3484 parisiensium
1078 3408 1110 3466 et
1129 3407 1260 3466 centum
1282 3394 1401 3466 soiido·

271 3531 354 3590 rum,
376 3505 542 3597 exquibus
562 3531 667 3578 eoram
683 3508 777 3578 euobis
797 3531 833 3579 se
853 3520 1026 3578 tenuerunt
1046 3508 1172 3598 integre
1193 3531 1250 3598 pro
1273 3507 1397 3600 pagetis

272 3620 302 3689 in
320 3620 453 3710 procrrnia
475 3636 652 3691 numerata.
676 3621 926 3705 itenuueiantes‚
944 3632 1032 3694 eto...
1054 3619 1295 3708 Promittentes,
1309 3633 1357 3693 ete
1374 3675 1397 3694 ..

273 3736 521 3816 ttenunciantes,
549 3748 635 3808 etc...
659 3740 692 3806 ln
722 3739 815 3827 eujus
834 3739 880 3808 rei
904 3734 1091 3807 memoriam
1117 3750 1148 3807 et
1178 3737 1399 3808 testimonium

272 3848 411 3921 ueritatis
429 3849 631 3941 presentibus
650 3850 766 3922 titteris
784 3836 925 3942 sigittom
941 3848 1179 3922 Aurelianensis
1194 3848 1286 3921 eurio
1311 3851 1402 3922 duri·

271 3989 342 4035 urrrs
362 3969 602 4058 apponentium.
634 3971 748 4038 Datrrm
780 3991 867 4038 anno
896 3964 1022 4038 Domini
1057 3969 1133 4036 MCC
1161 3963 1401 4059 septuagesimo

273 4107 369 4164 nono,
393 4081 444 4154 die
457 4081 541 4172 jovis
560 4097 634 4153 aute
659 4087 909 4170 t‘enttrecosten,
932 4104 1046 4154 mense
1066 4080 1162 4153 maio.

1166 4201 1263 4268 torn.

309 4612 315 4643 ¹
337 4613 428 4666 Mome
449 4609 524 4679 date,
542 4608 634 4664 meme
649 4614 720 4664 cote.
739 4610 834 4666 Pierre
856 4609 1061 4676 Courtehense,
1076 4607 1214 4673 serenio,
1230 4606 1344 4664 smnrtit
1358 4607 1401 4664 ies

272 4698 350 4753 biens
365 4698 483 4754 sendus.
