3420 5490
292 760 352 832 erit
376 777 408 831 et
430 783 500 831 cem
524 760 663 851 cupitutn
686 765 821 831 reddere
848 760 1019 845 tenebitur,
1041 768 1078 830 ut
1104 761 1309 846 dictumest,
1336 764 1417 835 infre

291 895 452 956 mensem,
484 875 569 943 seha
598 872 694 943 etiem
732 871 836 943 eidem
869 872 1023 963 episcopo
1059 886 1092 943 et
1122 873 1340 945 seruientibus
1368 878 1417 946 vet

291 987 416 1057 ballivis
435 987 503 1057 suis
525 985 731 1057 estimatione
750 999 783 1056 et
809 1006 889 1076 pent
909 984 1036 1076 injurie,
1059 985 1086 1056 si
1107 1010 1168 1077 qun
1193 1009 1251 1078 per
1267 989 1418 1060 homines

290 1097 362 1168 idos
382 1098 429 1168 eis
445 1099 540 1169 fucrit
562 1098 710 1187 irrogata.
737 1096 769 1166 si
796 1100 850 1187 qui
874 1111 981 1167 nutem
997 1098 1037 1169 de
1057 1097 1210 1188 predictis
1231 1099 1418 1171 hominihus

289 1209 525 1299 querimoniam
555 1207 764 1297 deposuerint
791 1211 837 1277 vet
865 1210 898 1276 in
932 1230 1062 1278 causum
1095 1208 1246 1279 truserint
1276 1211 1417 1300 ediquem

289 1343 397 1390 coram
424 1319 578 1411 episcopo
618 1323 665 1390 vet
703 1317 831 1390 officiati
870 1341 943 1401 sno,
978 1342 1042 1389 non
1079 1323 1151 1411 ptus
1180 1320 1418 1411 jurisdictionis

289 1434 419 1504 hrehehit
444 1435 477 1503 in
498 1432 570 1503 idos
595 1448 749 1524 quantum
775 1436 814 1502 nd
834 1437 896 1503 hoc
916 1455 1011 1523 quam
1032 1432 1063 1502 in
1084 1432 1165 1503 ahos
1180 1432 1417 1524 jurisdictionis

288 1549 405 1618 eliens.
431 1550 577 1618 Preterea
603 1568 701 1637 snper
720 1559 923 1618 tensamento
948 1569 1008 1625 suo
1028 1568 1092 1619 non
1113 1545 1417 1639 poteritcpiscnpus

288 1663 336 1731 vet
356 1662 427 1750 ejus
447 1658 595 1730 othcinhs
613 1659 758 1750 hospites
778 1658 910 1751 capituti
931 1682 1040 1730 coram
1072 1682 1108 1761 se
1136 1658 1236 1731 citare
1262 1663 1311 1732 vet
1337 1658 1418 1731 oties

290 1796 345 1865 per
361 1771 618 1864 jurisdictionem
638 1771 891 1844 ecclesiasticam
917 1771 1006 1864 ipsos
1031 1776 1216 1855 cohercere,
1245 1774 1303 1844 sed
1329 1776 1419 1865 cepi·

289 1892 390 1958 tutum
412 1890 459 1958 veh
478 1886 581 1958 hahiti
599 1886 661 1968 sui,
678 1888 764 1959 sicut
782 1886 913 1958 solitum
933 1901 995 1971 est,
1011 1887 1088 1956 ihnd
1101 1888 1219 1960 facient
1233 1885 1294 1957 sibi
1312 1884 1416 1958 reddi.

289 2000 321 2072 Si
341 2004 395 2092 qui
415 2024 489 2072 uero
510 1999 688 2072 medietarii
709 1998 776 2072 siue
796 2022 988 2071 communes
1018 2000 1083 2071 sint
1110 1999 1311 2092 parrochiani
1335 1998 1420 2071 inter

288 2115 427 2205 aliquem
448 2113 916 2206 predictarumparrochiarum
936 2127 970 2185 et
986 2136 1224 2204 quamcumque
1242 2112 1352 2205 utiam,
1377 2116 1418 2183 eh

288 2226 352 2298 ihis
372 2227 404 2297 in
422 2227 470 2298 cis
491 2231 617 2319 plenum
637 2226 896 2316 jurisdictionem
915 2225 1089 2318 episcopus
1109 2228 1253 2301 ttehchit.
1274 2228 1417 2301 Cotidie-

290 2354 357 2410 turn
377 2339 473 2411 etium
495 2340 552 2410 tuh
570 2355 602 2411 ct
618 2363 812 2412 concessum
842 2338 925 2410 inter
952 2362 1011 2409 nos
1037 2352 1070 2409 ct
1096 2338 1217 2412 dictum
1237 2338 1414 2432 cepituhunt

289 2455 375 2544 qnod
398 2476 453 2544 per
476 2477 512 2525 en
533 2476 595 2543 que
615 2453 764 2544 superius
785 2476 936 2543 expressa
960 2467 1035 2524 sunt
1051 2451 1326 2542 dejurisdictinne
1342 2476 1416 2545 pcr-

292 2565 413 2635 tinente
440 2567 479 2634 ed
506 2563 710 2654 episcopum,
732 2564 763 2633 in
785 2568 873 2634 nudo
893 2568 947 2651 hot
968 2563 1180 2656 prejudicium
1196 2562 1415 2654 jurisdictioni

291 2676 434 2768 crpituti,
461 2680 518 2747 sed
549 2677 581 2745 in
612 2675 763 2765 omnihus
801 2677 975 2767 prenotatis
1006 2675 1237 2749 nichilominus
1264 2673 1416 2767 jurisdic-

292 2788 412 2860 tionem
430 2788 683 2860 ecctesiesticam
703 2787 878 2879 capitutum
898 2789 1039 2861 habehit.
1067 2792 1100 2858 to
1129 2790 1224 2879 liujus
1242 2802 1349 2860 eutem
1369 2786 1417 2865 rei

293 2905 400 2979 stdent,
440 2904 538 2973 robur
574 2916 606 2972 et
646 2904 866 2973 testimonium
906 2916 1087 2994 presentent
1117 2902 1264 2994 peginam
1300 2900 1418 2976 titteris

292 3033 476 3091 ettrrotutmn
506 3017 605 3111 sigilii
637 3017 737 3089 ttrtstri
758 3015 893 3088 teciunrs
918 3015 1095 3090 rttunintinc
1120 3016 1275 3090 rohnruri.
1303 3021 1418 3097 dctunt

293 3156 378 3209 sntio
402 3131 529 3205 homini
561 3131 736 3220 mjhesimo
764 3132 986 3203 ducentesimo
1010 3129 1163 3207 uicesimo
1180 3144 1283 3218 serto,
1305 3152 1420 3211 mense

294 3272 390 3320 maro.

807 3483 905 3547 CCXV

770 3722 844 3781 Juin
868 3718 945 3781 teet

298 3926 394 3993 ilenti,
416 3928 546 3997 seigneur·
566 3925 600 3981 de
615 3926 693 3997 suth·
708 3926 782 3983 etde
798 3927 924 3994 Vierzon,
941 3934 966 3981 ct
982 3926 1053 3993 deun
1075 3924 1229 3981 cheudiem
1250 3932 1419 4003 ptotpcttept

333 4041 389 4106 quc
406 4024 510 4099 l’jcrre,
539 4024 671 4095 seigneur·
699 4024 733 4077 de
759 4022 874 4099 Greqrjj,
903 4022 973 4093 rietus
995 4024 1020 4076 te
1045 4023 1116 4076 rrrois
1137 4022 1172 4077 du
1193 4038 1223 4077 stt
1250 4021 1419 4111 ducentenis,

333 4126 465 4174 remettrn
481 4136 516 4173 nn
529 4118 656 4191 chupttre
670 4120 719 4173 des
732 4120 828 4173 lettres
840 4118 1001 4173 contemnes
1013 4134 1066 4173 nur
1081 4124 1293 4187 ercongetucnts
1307 4116 1367 4188 pris
1384 4131 1420 4171 en

332 4232 382 4269 nott
398 4231 465 4270 noun
478 4230 514 4270 uu
528 4215 601 4284 sujct
616 4214 654 4269 du
668 4213 730 4268 bois
744 4215 780 4267 de
796 4212 955 4268 heihetouhe.

295 4364 375 4443 (Cep.
391 4362 450 4416 utu.
468 4363 529 4417 Not.
547 4362 661 4437 hjoreuu
679 4358 744 4414 ¹38:
761 4360 823 4416 nrt.
841 4382 852 4410 r
869 4359 929 4414 Prin
944 4376 993 4414 sur
1008 4361 1034 4414 te
1050 4359 1155 4415 thrtul.
1171 4356 1420 4423 desitptsttmts.

765 4458 788 4512 1¹³
799 4456 854 4511 ete
868 4467 893 4509 r·
906 4459 945 4525 s.)

336 4632 401 4719 Epo
427 4627 625 4721 hijenricnsj,
651 4622 801 4697 dominus
825 4622 941 4696 Sotiaci
960 4637 992 4695 et
1018 4618 1419 4707 testamenmentum
